2850 4996
284 476 322 541 16
442 543 445 554 ,
563 474 610 538 Μ.
629 473 742 538 FABll
761 472 1102 555 QUINTILIANlt

277 597 361 683 tius,
378 615 417 667 ut
430 614 542 694 putet,
557 593 692 694 primo¹
708 594 853 666 firmum
868 593 999 694 aliquid
1011 622 1083 698 esse
1098 595 1326 695 ponendum,

276 736 418 784 summo
446 709 707 798 firmissimum,
736 708 965 782 imbecilliora
991 711 1153 782 medio²:
1182 710 1267 807 quia
1289 730 1328 781 et

230 851 258 887 ¹1
278 825 378 898 initio
393 823 586 896 movendus
598 824 641 896 sit
650 824 776 925 judex,
794 845 829 896 et
843 851 983 897 summo
999 822 1266 924 impellendus³.
1283 825 1329 896 :lt

277 966 340 1039 pro
353 966 410 1011 reo
425 940 634 1038 plerumque
651 938 893 1037 gravissimum
911 939 1065 1038 quidque
1080 941 1236 1038 primum
1249 965 1328 1010 rno-

277 1051 457 1126 venduml
476 1075 540 1144 est,
562 1079 606 1124 ne
629 1053 716 1124 illud
732 1074 886 1152 spectans
903 1053 1012 1154 judex
1033 1054 1247 1152 reliquorum
1267 1051 1329 1124 de*

277 1168 428 1240 fensioni
446 1168 489 1239 sit
507 1166 718 1238 adversior⁵:
739 1168 878 1240 interim
895 1190 1013 1240 umen
1031 1190 1064 1240 et
1084 1169 1150 1240 hoc
1174 1167 1330 1240 mutabi-

276 1305 346 1374 tur,
370 1284 397 1354 si
418 1281 546 1354 leviora
566 1280 624 1352 illa
651 1282 769 1380 palam
794 1283 880 1355 falsa
907 1305 1024 1373 erunt,
1051 1283 1241 1383 gravissimi
1268 1283 1330 1354 de·

277 1398 390 1472 fensio
410 1397 601 1469 difficilior:
623 1418 676 1487 ut,
695 1397 845 1471 detracta
864 1399 958 1497 prius
975 1399 1227 1471 accusatoribus
1239 1397 1327 1486 fide,

278 1510 522 1612 aggrediamur
533 1511 700 1582 ultimum
709 1567 719 1601 ,
728 1510 803 1611 jam
817 1511 998 1613 judicibus
1015 1513 1136 1584 omnia
1150 1539 1240 1584 vana
1253 1537 1326 1582 esse

279 1622 522 1698 credentibus6
534 1651 541 1695 :
555 1652 643 1725 opus
658 1623 721 1696 erit
737 1646 854 1698 tamen
871 1627 1087 1726 praefatione,
1103 1654 1173 1726 qua
1190 1647 1227 1698 et
1241 1626 1327 1698 ratio

279 1740 443 1813 reddatur
457 1738 552 1811 dilati
565 1740 736 1828 criminis,
750 1761 784 1812 et
797 1742 1016 1840 promittatur
1028 1741 1183 1813 defensio
1195 1769 1201 1812 :
1215 1767 1260 1812 nc
1273 1740 1328 1828 id,

232 1887 260 1923 ια
280 1856 376 1957 quod
386 1883 459 1928 non
473 1855 586 1928 statim
602 1856 795 1946 diluemus,
808 1857 929 1929 timere
943 1859 1133 1930 videamur.
1151 1860 1325 1929 Anteactae

176 2003 179 2006 ⁴
254 1997 256 2003 ·
278 1973 356 2044 vitae
369 1971 515 2042 crimina
531 1970 740 2070 plerumque
755 1972 869 2072 prima
885 1974 1088 2072 purganda⁷
1108 1992 1204 2060 sunt,
1220 1991 1258 2042 ut
1272 1971 1325 2059 id,

278 2087 320 2160 de
339 2115 410 2187 quo
429 2087 561 2158 laturus
581 2107 631 2160 est
650 2089 857 2163 senteutiam
876 2089 1000 2189 judex,
1018 2088 1137 2160 audire
1155 2085 1328 2187 propitius

279 2202 439 2301 incipiat:
458 2201 518 2272 sed
530 2200 619 2273 hoc⁸
635 2217 799 2301 quoque9
813 2229 875 2301 pro
893 2206 1032 2274 Vareno
1052 2201 1173 2272 Cicero
1193 2200 1230 2271 in
1250 2198 1327 2270 ulti-

318 2367 340 2402 ι.
357 2351 478 2400 Primo...
494 2349 588 2401 medio.
604 2349 670 2403 Vide
682 2354 719 2417 V,
735 2367 781 2415 ra,
858 2351 883 2402 6.
903 2352 1007 2405 Vana...
1023 2351 1187 2404 credentibus.
1204 2354 1244 2404 De
1258 2368 1325 2402 voce

283 2429 322 2497 ¹4·
335 2434 420 2482 Versu
432 2426 479 2480 illo
491 2430 631 2480 Homerico
644 2431 726 2480 utitur
736 2430 782 2480 Li-
822 2448 890 2482 vana
907 2429 967 2483 vide
985 2432 1029 2495 lv,
1050 2445 1072 2497 ι,
1089 2431 1138 2496 33,
1154 2446 1204 2482 esse
1221 2440 1327 2492 autem,

279 2508 374 2560 hanins
386 2509 414 2559 in
425 2521 580 2577 argumento
594 2505 782 2559 Demostheni·
823 2507 896 2578 quod
906 2508 993 2560 Turio.
1006 2509 1079 2560 solus
1092 2509 1229 2560 antevertit
1240 2507 1326 2578 adjec-

280 2607 316 2640 cae
328 2607 377 2660 pro
388 2588 492 2640 Corona
500 2625 508 2651 ,
517 2586 565 2639 ubi
573 2587 642 2639 hanc
652 2588 783 2638 rationem
822 2590 891 2654 tivo,
903 2588 993 2640 malim
1004 2588 1104 2640 abesse.
1117 2590 1160 2640 Au
1173 2600 1229 2640 erat
1243 2589 1292 2638 ea?

281 2669 396 2720 tenuisse
408 2665 525 2718 ostendit
536 2679 676 2717 oratorem.
859 2683 883 2736 7.
897 2667 1048 2740 Purqaoda.
1056 2668 1155 2732 Turio,
1165 2664 1311 2738 puqnanda
1317 2686 1327 2724 ,·

319 2745 783 2810 2.Medio...summo.Turic.Gtur'.‚
824 2765 839 2798 a
860 2765 912 2799 sec.
934 2767 1014 2798 manu
1032 2745 1224 2818 improperanda,
1245 2747 1327 2796 etsie

283 2826 397 2877 media...
409 2841 511 2877 summa
523 2843 585 2875 cum
595 2823 664 2876 Alm.
823 2825 959 2878 Guelferb.
977 2828 1060 2880 Curre.
1077 2843 1138 2876 cum
1152 2822 1227 2876 Bodl.
1244 2823 1326 2876 Goth.

317 2905 342 2956 3.
354 2901 540 2976 Impellendur.
548 2903 598 2954 Hic
609 2900 716 2972 quidem
725 2899 785 2952 lon·
824 2906 901 2957 Voss.
925 2924 954 2972 π,
976 2905 1044 2958 Vall.
1065 2904 1148 2956 Andr.
1170 2903 1244 2955 editt.
1267 2916 1328 2954 ante

282 3001 314 3054 ge
324 2982 478 3034 consuetior
487 2978 560 3032 verbi
569 2991 785 3050 pote81887qu³m
824 2983 884 3036 Ald.
896 2985 992 3054 Regius
1003 2984 1129 3045 correxit3
1140 2983 1255 3052 egregie:
1266 2981 1327 3034 vide

282 3064 331 3129 111,
345 3061 422 3127 4‚.a;
439 3058 544 3129 egregie
560 3056 724 3130 respondens
740 3055 785 3110 illa
824 3060 955 3113 Drakenb.
973 3061 1008 3112 ad
1020 3062 1074 3112 Liv.
1091 3062 1214 3126 XXXIX,
1230 3059 1279 3126 35,
1299 3077 1334 3123 α,

282 3142 317 3209 τᾷ
325 3137 474 3192 movendus.
825 3140 872 3193 sed
891 3154 917 3192 et
934 3142 1037 3192 Lexica.
1057 3143 1122 3192 Item
1141 3139 1174 3191 de
1194 3140 1329 3210 frequenti

318 3220 343 3286 4.
363 3216 532 3269 Mooendum.
552 3217 721 3286 Quamquam
735 3218 785 3268 mi·
824 3220 870 3272 eric
880 3237 963 3292 puqn.
976 3233 1002 3270 et
1010 3237 1086 3291 pury.
1098 3221 1255 3270 confusione
1265 3221 1330 3270 Dra·

282 3316 333 3350 nus
343 3295 449 3366 elegans
463 3308 502 3347 eet
513 3293 570 3346 haec
581 3293 662 3345 modo
675 3312 786 3366 usurpa·
825 3299 904 3352 kanb.
926 3299 960 3351 ad
975 3301 1029 3351 Liv.
1048 3300 1171 3356 XXXIV,
1189 3297 1237 3364 62,
1257 3297 1282 3350 5.
1294 3327 1328 3338 -·

282 3375 787 3447 tivocabulirepetitio‚potestatequi·
826 3377 880 3430 soli
889 3379 1029 3448 R.7‚.lens.
1038 3376 1071 3429 ab
1080 3376 1194 3442 emend,
1202 3387 1326 3450 puryata.

282 3457 344 3510 dem
358 3455 460 3507 diversa
472 3452 545 3525 (vide
556 3455 605 3519 vl,
619 3454 650 3521 4,
663 3454 709 3525 5),
721 3453 787 3506 nihil
826 3459 872 3508 En.

283 3534 420 3590 tamenhic
426 3532 631 3601 sollicitandum,
637 3533 787 3606 cujusmodi
863 3538 887 3589 81
904 3536 970 3587 Hoc.
981 3538 1120 3588 Turicens.
1134 3534 1164 3606 (a
1177 3555 1217 3606 pr.
1232 3535 1331 3605 manu)

285 3615 350 3687 quid
367 3625 503 3667 tentarunt
521 3611 632 3680 Badius,
652 3612 786 3678 Rudinus,
826 3615 912 3680 enim,
927 3615 975 3667 sed
987 3635 1035 3686 per
1051 3613 1247 3684 compendium.
1262 3614 1330 3667 Vide

285 3696 426 3748 Gesnerus.
453 3695 700 3765 interpretationem
725 3707 787 3764 pete
826 3696 917 3760 vt‚3‚
933 3712 957 3764 7.
1412 3715 1413 3758 3

284 3774 329 3826 lib.
344 3777 391 3841 111,
404 3792 462 3846 cap.
479 3791 506 3841 r,
519 3775 543 3841 s.
558 3772 582 3825 8.
862 3791 887 3842 9.
898 3773 949 3825 Sed
959 3771 1126 3844 ltocquoque.
1136 3773 1331 3824 Tersiorfnerit

322 3851 347 3904 5.
366 3851 517 3913 Adventum
533 3853 571 3903 cic
587 3851 668 3904 etur.
684 3848 788 3920 Reliqui
828 3852 926 3914 oratio,
946 3851 967 3900 si
986 3851 1119 3921 scripseris
1138 3849 1192 3901 ltoec
1212 3869 1261 3920 pro
1282 3849 1331 3902 lroc

285 3931 403 3983 avenior.
420 3932 574 3984 Posterioris
593 3929 700 4001 quidem
714 3930 788 3980 vocis
828 3927 898 3998 (vide
909 3929 957 3993 111,
973 3944 1013 3993 ιι,
1028 3927 1080 3998 21).
1093 3930 1148 3980 Etsi
1160 3931 1230 3980 enim
1240 3941 1331 4000 potest

287 4022 444 4062 structuram
467 4028 529 4061 oum
553 4008 643 4060 dativo
668 4005 788 4076 exemplo
828 4005 919 4056 referri
929 4005 963 4056 ad
974 4018 1059 4057 totum
1072 4005 1137 4057 illud
1144 4006 1279 4078 parquodi
1287 4025 1333 4058 ne·

286 4087 466 4140 commendari
476 4087 556 4142 video
567 4084 651 4139 nullo.
665 4083 732 4136 Vide
744 4085 788 4150 lv,
828 4086 944 4152 gotium,
958 4084 1122 4138 commodine
1133 4099 1221 4136 tamen
1234 4084 1268 4136 ad
1279 4084 1332 4136 cri·

289 4183 318 4232 2,
333 4165 378 4229 25;
391 4167 435 4232 lv,
447 4165 478 4232 5,
492 4181 533 4236 ¹9·
828 4163 910 4214 mina.

1409 4463 1410 4476 l

1408 4695 1409 4710 l

1352 4845 1362 4858 ,

1406 4945 1408 4961 Ι
