2850 4996
282 513 607 582 INSTITUTIONIS
625 516 753 582 ORAT.
774 519 853 584 LlB.
867 521 945 598 Vll,
970 545 996 584 r.
1122 519 1162 585 25

118 635 182 726 dit,
207 663 300 709 uxor
318 640 473 712 occidit¹.
497 639 661 711 Solebam
685 661 721 712 et
743 667 941 741 excerpere,
965 643 1051 742 quid
1074 642 1162 714 mibi
1180 671 1213 724 ²9

17 837 18 852 χ
117 775 198 820 cum
212 751 403 824 adversario
416 755 631 843 conveniret,
644 755 789 828 simodo
802 757 837 828 id
850 785 912 856 pro
925 785 982 830 me
996 780 1083 847 erat;
1098 785 1164 830 nec

116 863 230 935 solum
246 893 404 964 premere
425 868 696 958 confessionem,
717 870 777 940 sed
798 871 978 969 partiendo
996 871 1165 971 multipli-

117 1006 213 1068 care,
233 1002 273 1052 ut
294 982 332 1052 in
354 981 413 1053 illa
433 983 697 1073 coutroversia²,
715 987 812 1070 Dux,
832 992 893 1087 qui
910 993 1165 1085 competitorem

113 1110 248 1194 patrem
273 1101 308 1167 in
330 1095 529 1196 snffruqiis³
554 1104 700 1187 uicerat,
728 1098 869 1198 captust
895 1117 960 1186 est,·
986 1119 1098 1172 euntes
1121 1101 1168 1172 ud

115 1210 349 1280 redimendum
373 1209 474 1281 enm⁵
498 1210 616 1310 leqati,
640 1213 778 1285 obuium
802 1212 996 1286 irabnerunt
1013 1231 1164 1315 patrem,

115 1342 336 1398 revertentem
352 1323 396 1397 ab
416 1325 580 1400 hostibus:
596 1335 622 1401 is
637 1330 753 1429 [epotis
770 1333 858 1402 dixit
869 1331 896 1418 ⁶,
909 1334 992 1404 Sero
1008 1338 1070 1404 itis.
1091 1335 1166 1404 Ex·
1177 1339 1214 1392 3⁰

116 1457 290 1512 eusserunt
306 1439 357 1512 ilii
367 1457 516 1541 patrem,
536 1459 569 1514 et
582 1470 705 1515 curum
720 1451 754 1516 in
767 1450 842 1516 sinn
859 1450 928 1543 ejus
946 1451 1163 1518 inuenerunt:

115 1559 179 1652 ipsi
200 1570 478 1653 perseverarunt
505 1562 568 1642 ire,
597 1583 664 1658 quo
696 1561 931 1633 intenderant:
966 1566 1167 1633 inuenerunt

115 1669 236 1740 ducem
248 1669 497 1771 crucifixumss,
512 1675 607 1770 cujas
621 1677 786 1772 consuit,
801 1675 923 1746 Cavete
936 1677 1164 1774 proditorem:

117 1813 192 1857 reus
211 1803 258 1858 est
273 1803 384 1888 puter.
400 1789 489 1878 Quae
512 1789 770 1861 conveniunto?
787 1793 941 1863 Proditio
963 1790 1059 1864 nobis
1070 1817 1164 1891 prte-

153 2026 175 2060 ι.
195 2010 321 2063 Virum...
338 2028 405 2061 uxor
419 2010 521 2061 occidit.
544 2013 618 2064 «Lex
654 2011 848 2082 'compendium
864 2013 1013 2084 significans
1031 2021 1112 2082 caput
1124 2010 1165 2062 rel

65 2113 68 2120 ·
118 2101 196 2153 nest,
228 2091 273 2160 qui
303 2100 449 2160 tyrannum,
474 2089 619 2155 occiderit,
660 2091 739 2161 cupit.

118 2167 383 2239 ·Olympionicarum
397 2169 532 2237 proemium
545 2170 619 2238 capi-
696 2170 720 2222 5.
738 2169 927 2222 Redimendum
944 2186 1013 2219 eum.
1028 2169 1116 2218 Turio.
1130 2165 1141 2236 (
1149 2187 1163 2220 a

117 2257 180 2307 «to,
195 2258 221 2295 et
234 2263 313 2314 quem
324 2245 395 2297 volet
407 2245 457 2296 sibi
468 2264 522 2296 rem
537 2263 551 2296 a
565 2263 619 2296 ma·
658 2269 699 2320 pr.
712 2247 807 2316 mauu)
820 2248 904 2298 redint
914 2246 1020 2317 (forsan
1032 2247 1164 2297 redemtio·

117 2323 411 2394 :gistratudeposcitm
419 2337 445 2374 et
453 2324 618 2392 magistratus
660 2327 731 2389 nem)
740 2323 926 2397 qna—Solus
935 2325 966 2374 R.
977 2323 1060 2387 inari
1067 2324 1162 2375 melem-

117 2424 128 2450 «
138 2405 162 2454 ei
172 2400 323 2454 concedito.
331 2403 364 2453 Et
374 2401 456 2452 altera
466 2401 506 2452 lex
515 2438 523 2465 ,
534 2413 620 2472 tyran·
653 2403 760 2454 tionem
773 2406 834 2474 ejus.
846 2403 892 2454 En.

117 2500 174 2532 «no
186 2483 284 2543 occiso,
291 2481 408 2551 quinque
418 2483 475 2550 ejus
484 2480 618 2548 proximos
694 2479 719 2530 6.
735 2481 761 2530 Is
776 2478 866 2550 lupatis
878 2478 953 2529 dixit.
969 2479 991 2528 T
993 2481 1057 2530 uric.
1075 2477 1161 2530 Guelf.

116 2561 298 2632 «cognatione
325 2561 492 2628 magistratus
514 2570 616 2609 necato.
659 2558 784 2608 omittunt
800 2557 820 2608 is
836 2575 896 2608 cum
913 2556 993 2608 Goth.
1008 2559 1080 2610 lens.
1098 2559 1161 2610 Loc.

116 2637 331 2703 «Alexandrum,
349 2641 394 2710 qui
412 2636 484 2710 apud
498 2635 618 2688 Pheraeos
658 2633 723 2682 Ven·
738 2635 816 2684 littae.
828 2633 890 2684 Bad.
901 2651 940 2704 pr.
952 2633 978 2684 ti.
989 2633 1065 2706 islep.
1079 2631 1161 2688 Certe.

116 2721 165 2771 «in
176 2717 312 2770 Thessalia
324 2717 489 2790 tyrannidem
502 2733 618 2787 occupa-
695 2731 719 2782 7.
731 2714 1164 2786 Perseverarnnt.'1'nric.,perseue·

116 2811 192 2863 «νεῖ,
204 2817 273 2848 uxor
283 2814 347 2862 sua,
359 2799 402 2848 cui
415 2794 507 2848 Thebe
519 2813 618 2846 nomen
659 2800 757 2840 rurant.
773 2791 905 2855 Caurum,
924 2803 1162 2862 perseveraverunt.

116 2897 127 2922 ι
137 2877 201 2938 fuit,
213 2887 296 2926 noctu
310 2893 391 2944 quum
402 2871 481 2926 simul
493 2870 617 2936 cubaret,
658 2868 746 2921 (luelf.
758 2870 839 2924 Goth.
849 2873 921 2923 leus.
932 2869 1097 2943 (tacGesn.)
1104 2891 1165 2944 per·

116 2976 128 3000 ι
138 2952 243 3005 occidit.
256 2975 266 3000 r
282 2953 336 3002 Cic.
348 2949 381 3004 de
392 2953 446 3003 lnv.
462 2953 498 3016 ll,
512 2949 556 3018 49.
570 2950 617 3002 Sa·
657 2960 775 3001 severunt
785 2969 847 3002 cum
858 2951 920 3002 Lac.
934 2951 1001 3001 Ven.
1012 2953 1091 3002 Rusc.

112 3032 145 3082 tis
159 3042 284 3102 apparet,
295 3027 365 3080 bane
377 3029 515 3081 materiam
524 3029 551 3078 in
562 3025 619 3103 rbe-
695 3029 720 3080 8.
730 3025 898 3100 Cuteifixnm
905 3049 914 3089 ,-
925 3030 962 3080 sic
972 3029 1062 3082 scribit
1071 3032 1102 3081 R.
1115 3046 1160 3081 12:

111 3121 200 3160 torum
223 3107 461 3160 declamationibus
483 3123 539 3158 esse
563 3106 617 3156 ire·
658 3108 744 3159 crateri
755 3102 807 3158 non
819 3119 949 3179 separant.
961 3107 1080 3161 Rollinus
1093 3127 1164 3179 quo·

113 3201 280 3259 quentatam,
293 3201 323 3238 ut
332 3187 465 3257 potuerit,
479 3187 557 3238 etiam
569 3203 619 3236 no-
659 3203 710 3256 que
717 3203 772 3236 non
780 3198 891 3256 separat.
899 3187 983 3238 En-
991 3183 1160 3257 Crucifixam.

113 3263 618 3336 minibusnonpositis,eamsignifieure
659 3261 726 3314 Vide
742 3260 866 3314 Oudend.
884 3261 918 3313 ad
936 3262 1045 3315 Sueton.
1063 3267 1161 3316 Domit.

112 3347 219 3396 Noster.
227 3347 294 3396 Rem
301 3345 385 3414 ipsam
393 3346 438 3417 qui
448 3345 618 3408 narraverint,
659 3359 682 3391 c.
695 3338 1162 3412 103quidefendithanestrueturum,

111 3436 233 3476 recenset
255 3441 347 3474 onmes
366 3421 572 3474 Bartholomaeus
591 3422 618 3472 in
660 3437 718 3490 quse
728 3421 785 3489 ipsa
796 3432 835 3472 est
845 3415 943 3488 ubique
955 3418 1028 3491 apud
1037 3421 1163 3472 Senecam

112 3501 306 3566 Anacharside,
323 3519 382 3572 cap.
396 3499 446 3565 35,
461 3519 510 3553 nec
529 3501 619 3553 Nostri
659 3501 686 3549 in
697 3497 748 3550 hac
763 3498 955 3552 Controversia.

112 3581 264 3640 immemor3
276 3597 367 3630 eorum
378 3580 502 3648 princeps
513 3591 552 3630 est
559 3578 619 3629 Plu·
695 3593 721 3644 9.
734 3581 835 3627 Pater...
849 3576 1016 3628 conueniunt.
1029 3577 1118 3628 Turio.
1130 3575 1162 3646 (a

112 3658 221 3710 tarcbus
240 3661 267 3708 in
290 3657 422 3728 Pelopida.
447 3658 487 3709 De
512 3658 618 3728 proprio
659 3673 699 3726 pr.
710 3653 1160 3726 manu)puterqueconvenit.Goth.

111 3736 171 3788 vide
183 3741 218 3802 V,
234 3754 280 3800 ro,
293 3736 336 3805 59.
661 3749 693 3796 a,
709 3751 737 3802 p.
759 3731 829 3803 quod
848 3731 976 3783 conuenit.
995 3732 1080 3783 Possis
1099 3731 1161 3785 binc

148 3829 172 3864 2.
185 3816 220 3864 In
233 3812 282 3864 itta
293 3813 472 3866 controuersia.
486 3815 547 3864 Haen
560 3815 617 3882 ipsa
660 3829 763 3862 eruere:
776 3810 875 3878 “Quod
882 3809 1010 3874 convenit,
1017 3810 1161 3880 proditio...

112 3904 271 3942 tractatura
288 3892 614 3960 SenecapatreControv.
661 3889 773 3942 educe:
801 3889 944 3958 Quaerimus
966 3889 1160 3960 proditorem.»

112 3971 198 4032 XXll,
210 3987 272 4040 pag.
292 3969 355 4031 251;
376 3984 401 4021 et
420 3972 447 4021 in
465 3971 617 4040 Excerptis,
658 3972 694 4022 Ut
711 3981 882 4040 opponantur
898 3968 948 4021 sibi
964 3970 1075 4022 invicem
1091 3989 1164 4022 corn·

114 4066 173 4119 pag.
189 4048 250 4113 460.
658 4059 733 4118 perta
743 4061 769 4098 et
778 4045 860 4098 dubia
867 4048 894 4097 in
901 4045 952 4100 hae
959 4065 1047 4100 eausa.
1056 4049 1162 4118 Abrup-

146 4127 171 4177 3.
180 4127 368 4200 insuffmpiis.
377 4127 470 4180 Malim
479 4127 571 4182 abesse
581 4129 617 4179 in.
659 4130 711 4180 tius
724 4138 764 4180 est
774 4125 847 4196 quod
856 4127 1026 4200 interrogatio
1037 4127 1082 4181 illa
1089 4128 1162 4181 subi-

146 4203 170 4272 4,
192 4205 297 4278 Captus.
312 4207 400 4259 Turio.
419 4204 450 4277 (a
466 4227 507 4278 pr.
523 4205 619 4274 manu)
661 4218 689 4260 to
701 4206 844 4258 inducitur.
