2850 4996
225 487 245 551 8
506 491 553 554 Μ.
573 491 686 554 FABII
704 492 982 574 QUINTILIANI
1001 512 1004 520 ’

227 610 370 683 eadem¹
395 615 566 713 dispositio
592 613 628 685 in
646 613 827 686 ordinem²
848 612 1015 714 digestas³
1037 635 1139 716 atque
1158 613 1270 688 timer

192 767 205 802 2
225 754 260 799 se
274 727 496 800 commissas⁵
512 729 707 802 devinxerit.
721 733 793 802 Nec
808 729 982 807 immerito
997 729 1152 803 secunda
1165 728 1270 829 quln-

226 871 294 943 que
304 845 476 944 partium⁶
486 847 595 946 posita
607 867 672 935 est,
681 874 793 944 quum
805 846 878 922 sine
891 875 932 920 ea
941 848 1034 948 prior
1042 847 1131 920 nihil
1140 847 1266 919 valeat:

226 963 463 1060 nequeenim,
477 990 693 1063 quamquam
708 963 794 1035 fusis
808 964 973 1038 omnibus
986 963 1188 1052 membrist,
1200 983 1272 1036 sta-

225 1079 364 1168 tussit,
388 1080 453 1151 nisi
477 1078 733 1172 collocentur8:
754 1100 804 1168 et,
828 1080 856 1164 si
878 1107 986 1180 quam
1006 1080 1043 1152 in
1067 1071 1272 1180 corporibus.

225 1195 348 1265 nostris
360 1195 550 1266 aliorumve
564 1194 771 1282 animalium
786 1215 920 1293 partem
930 1215 1107 1295 permutes
1119 1214 1152 1266 et
1162 1215 1271 1264 trans-

224 1308 313 1380 feras
321 1323 348 1400 9,
368 1309 448 1380 licet
462 1309 626 1380 habeat¹⁰
645 1307 768 1385 eadem
784 1309 919 1398 omnia,
938 1308 1139 1408 prodigium
1157 1307 1199 1380 sit
1213 1327 1269 1378 ta-

226 1448 327 1495 men:
346 1443 380 1494 et
393 1444 484 1494 artus
497 1423 598 1494 etiam
616 1422 734 1494 leviter
744 1437 771 1476 ¹¹
787 1421 864 1494 loco
875 1437 902 1468 ¹²
916 1422 1002 1495 moti
1016 1421 1182 1523 perdunt,
1197 1447 1272 1520 quo

226 1535 465 1633 viguerunt¹³‚
488 1563 611 1608 usum:
632 1557 665 1607 et
682 1537 810 1608 turbati
833 1536 998 1610 exercitus
1019 1536 1085 1609 sibi
1106 1536 1170 1636 ipsi
1189 1554 1271 1607 sunt

194 1649 489 1748 gimpedimento.
515 1655 586 1722 Nec
614 1650 702 1722 mihi
727 1651 887 1722 videntur
914 1677 1041 1742 errare,
1068 1650 1129 1750 qui
1156 1649 1271 1749 ipsam

229 1790 345 1835 rerum
359 1785 517 1836 naturam
536 1785 622 1837 stare
641 1765 762 1837 ordine
781 1785 921 1864 putant3
939 1792 1009 1865 quo
1026 1765 1188 1852 confuso,
1206 1790 1274 1862 pe-

268 1978 515 2033 1.Eadem‚Stoer.
535 1994 561 2034 et
581 2001 649 2036 rece.
667 1994 728 2035 ante
768 1977 1272 2049 ta-Collocenturnullibireperimus.

229 2058 314 2108 Rurm.
324 2095 332 2121 ,
344 2058 442 2108 eosdem
458 2077 513 2110 exc.
531 2059 603 2112 Gibs.
616 2090 652 2100 -
663 2063 729 2112 Eas·
769 2064 868 2114 Omnes
880 2072 973 2110 contra
985 2056 1132 2109 collocetur.
1145 2057 1192 2106 Eo.

228 2135 285 2186 dem
302 2137 328 2185 in
345 2139 440 2186 nostris
452 2135 536 2187 Codd.
552 2139 647 2190 fmstra
660 2159 731 2210 quae·
805 2157 830 2208 9.
839 2139 875 2190 Et
882 2135 1028 2208 transferau
1039 2135 1084 2186 sic.
1095 2136 1182 2185 Turio.
1191 2132 1271 2185 Goth.

230 2215 346 2264 sivimus.
364 2214 486 2266 Attamen
502 2232 518 2266 a
533 2216 601 2267 RoII.
617 2217 730 2288 Capper.
769 2216 832 2286 (tae.
845 2218 937 2288 Gesn.)
951 2216 1031 2268 Canu.
1047 2232 1108 2265 cum
1122 2213 1195 2265 editt.
1210 2223 1272 2266 unte

229 2291 376 2344 adhibetur.
390 2294 436 2344 Eo.
770 2299 853 2350 Stoer.
871 2315 926 2348 exc.
942 2298 999 2348 Rae.
1014 2313 1069 2346 acc.
1084 2293 1153 2345 Roll.
1167 2292 1272 2364 Reliqui

267 2389 289 2424 2.
299 2373 437 2442 Dispositio
447 2372 474 2422 in
482 2373 605 2424 ordinem.
614 2373 729 2426 Pithoeus
770 2387 847 2447 etque
857 2387 874 2426 t.
885 2378 912 2428 in
926 2374 1024 2446 quibus
1034 2375 1114 2433 miror
1124 2371 1211 2434 Guelf„
1222 2373 1275 2434 nusi

229 2449 288 2502 Ioca
298 2453 325 2502 in
335 2450 406 2503 hune
414 2469 519 2502 sensnm
526 2451 644 2523 jucunda
655 2455 731 2523 ponit
770 2455 916 2507 dormitavi.

229 2530 355 2582 Varronis
367 2531 400 2582 de
411 2531 440 2581 L.
452 2532 481 2582 L.
495 2535 527 2596 V,
540 2551 567 2602 p.
583 2529 670 2603 (Rip.)
682 2533 731 2598 68,
810 2534 1274 2604 rollabeat.Nonopusessecenseo

230 2622 257 2661 et
268 2609 371 2660 Colum.
383 2611 445 2673 ΧΠ,
459 2629 490 2676 a,
502 2611 532 2677 4,
547 2610 581 2661 ad
595 2629 731 2662 commen·
771 2615 930 2677 mutatione,
943 2630 1021 2683 quam
1034 2613 1061 2662 in
1072 2610 1188 2678 mergitis
1197 2609 1276 2679 ponit

229 2687 346 2738 dandum
360 2687 478 2738 ordinem
490 2689 626 2754 facientia,
637 2689 732 2759 quibus
772 2692 882 2744 Badius:
897 2690 1015 2741 habeant.
1026 2691 1192 2758 Quamquam
1205 2685 1277 2750 enim,

230 2781 335 2840 poterat
347 2767 408 2818 addi
420 2769 509 2820 Nostri
518 2771 576 2820 VIII
581 2806 590 2833 ‚
603 2769 628 2832 3,
641 2788 665 2838 9.
773 2769 930 2843 corporibus,
948 2788 1001 2840 quo
1013 2763 1065 2820 boc
1076 2767 1201 2832 refertur,
1211 2765 1275 2836 plu·

267 2848 293 2900 3.
309 2847 432 2920 Diqestas.
449 2848 537 2897 Turio.
550 2846 637 2899 Guelf.
653 2847 731 2899 Goth.
773 2850 822 2902 rali
834 2862 872 2902 est
884 2867 1008 2912 numero,
1022 2845 1175 2914 intelligitur
1186 2855 1276 2896 tamen

230 2925 347 2995 (tacente
356 2923 448 2996 Geso.)
457 2926 553 2991 crau,
565 2926 661 2997 diqesta
674 2945 734 2977 cum
774 2931 857 2998 magis
870 2922 919 2978 sieri
928 2926 1001 2978 estrei
1012 2925 1053 2990 td,
1065 2922 1137 2995 quod
1148 2923 1235 2976 existit
1244 2939 1279 2986 ea

230 3005 308 3057 Voss.
323 3023 346 3056 2.
774 3006 825 3058 hac
836 3022 917 3076 prava
926 3004 1133 3074 compositione;
1144 3017 1194 3052 nec
1204 2998 1277 3051 aliud

267 3085 292 3150 4.
304 3085 383 3134 Inter.
394 3085 481 3134 Turic.
492 3082 578 3134 Guelf·
590 3084 685 3148 Contu,
696 3083 732 3132 in·
766 3085 923 3156 'subjectum
932 3085 960 3134 in
970 3101 1001 3134 eo
1010 3080 1084 3152 quod
1092 3082 1224 3151 sequitur,
1234 3080 1275 3132 sit.

269 3164 294 3216 5.
309 3163 465 3216 commissas.
478 3161 565 3212 Turio.
579 3159 604 3230 (a
617 3178 669 3212 sec.
682 3179 735 3210 ma·
774 3167 862 3217 Minus
874 3163 1007 3232 eleganter
1018 3160 1055 3212 ibi
1067 3157 1210 3212 subaudias
1223 3157 1277 3210 Itoee

232 3245 285 3318 nu)
302 3242 389 3297 GueII.
408 3244 503 3307 Caua,
522 3243 655 3293 commissa
673 3259 734 3290 cum
774 3262 819 3295 ms.

176 3379 180 3396 p
231 3331 309 3378 Voss.
325 3342 348 3375 2.
361 3322 412 3375 Sed
421 3320 516 3386 Gotlr.‚
525 3322 665 3372 commixta
673 3321 733 3390 (err.
815 3317 1065 3372 11.Leviter.Guelf.
1076 3318 1156 3370 cim.
1167 3317 1277 3366 Ienson.

233 3405 339 3475 Gesn.).
776 3401 895 3471 (tacente
906 3397 1002 3467 Gesn.)
1010 3401 1102 3463 Tam,
1114 3394 1208 3447 leniter
1216 3413 1278 3446 cum

268 3486 295 3538 6.
305 3484 425 3555 Quinque
430 3475 679 3554 partiumvtdelib.
690 3477 736 3541 VI,
776 3477 850 3531 Bodl.
871 3477 952 3529 Andr.
970 3477 1089 3529 Correxit
1104 3474 1216 3542 Regius,
1231 3470 1280 3523 sed

235 3588 293 3642 cap.
307 3567 338 3634 4,
353 3565 375 3636 5.
391 3581 412 3616 t.
735 3593 738 3598 -
775 3570 870 3628 prater
887 3555 1001 3626 reliquus
1019 3553 1093 3604 editt.
1110 3549 1237 3602 addicunt
1253 3562 1282 3602 et

270 3667 294 3719 7.
308 3645 406 3699 Fusis...
419 3641 537 3694 membris
543 3649 656 3705 „statura
669 3637 737 3689 Vide
776 3634 844 3687 Vall.
857 3633 937 3687 Goth.
954 3632 1042 3684 Turio.
1052 3659 1088 3670 --
1098 3626 1197 3680 Eadem
1213 3645 1280 3680 nos·

235 3719 530 3795 Iib.II‚cap.1,§.12.
579 3745 584 3757 .
776 3717 876 3766 tri.En.

276 3809 300 3860 8.
324 3805 507 3863 collocantem
528 3801 564 3851 sic
581 3796 676 3850 Badius
695 3816 736 3867 pr.
816 3811 855 3844 12.
869 3790 1041 3842 tototuric.
1054 3787 1080 3858 (a
1087 3805 1128 3859 pr.
1136 3787 1228 3857 manu)
1239 3785 1280 3837 lo·

236 3890 407 3960 (quamquam
420 3903 468 3955 per
482 3883 584 3954 apicem
597 3891 698 3930 tantum
710 3880 737 3928 in
777 3873 809 3923 ci.
822 3867 888 3922 Vide
900 3865 1224 3934 VI‚3‚363V11‚²‚39·
1297 3869 1301 3875 ’

236 3969 270 4039 e)
290 3979 316 4017 et
333 3966 444 4034 Capper.
466 3959 570 4029 Reliqui
588 3956 734 4010 collocetur.
816 3947 856 3999 13.
867 3947 893 4000 V
892 3947 1019 4019 ipuerunt.
1027 3942 1107 3998 GotIr.
1117 3944 1179 4012 (tac.
1187 3940 1282 4012 Geso.)

235 4049 362 4099 Nostrum
374 4043 487 4110 conjecit
495 4037 648 4098 Philander3
660 4035 738 4086 veris·
778 4027 907 4103 eripuerint
917 4045 979 4078 cnm
990 4029 1066 4078 Voss.
1086 4041 1115 4090 2,
1129 4022 1198 4074 male
1215 4039 1283 4076 cone

237 4128 311 4176 sime.
321 4124 414 4189 Neque
424 4119 493 4168 enim
503 4115 590 4180 video,
598 4131 679 4185 quare
689 4124 738 4162 sta·
778 4105 954 4180 spirant.Vide
961 4107 1005 4172 vt,
1014 4102 1039 4170 5,
1047 4101 1073 4170 5,
1080 4104 1143 4154 item
1149 4101 1193 4152 hic
1202 4100 1224 4170 5.
1234 4097 1279 4162 55,

237 4217 281 4258 tua
294 4220 348 4251 non
361 4201 407 4264 sit,
420 4214 477 4266 quae
490 4193 607 4259 nondum
620 4191 738 4254 colloca·
779 4219 813 4244 -τ,
823 4189 921 4246 Omnes
933 4187 1017 4257 auspi
1029 4184 1171 4273 viguerunt.
1184 4182 1231 4242 Et).
