2850 4996
234 463 252 504 2
556 430 596 491 V.
621 428 689 491 GL.
712 425 949 492 SPALDING

231 551 284 616 sis.
298 541 471 629 Inscriptio
484 558 521 601 ea
532 549 701 622 comparet
710 535 744 598 in
755 534 865 598 fronte
875 535 1022 624 itemque
1032 535 1132 600 altera
1140 536 1175 600 in
1184 535 1275 600 calce

230 644 320 721 libri,
332 636 423 705 unde
436 634 540 700 discas
552 627 800 697 Werinbarium
813 631 1005 719 episcopum
1017 629 1157 696 donasse
1171 633 1275 698 eccle·

230 744 286 808 siae
298 740 346 805 δῖ’
361 733 473 800 Mane
486 726 784 818 Argentoratensis,
798 724 899 791 modo
913 743 1003 792 recte
1015 727 1143 816 legatur
1153 746 1276 816 postre-

230 859 323 903 mum
339 851 472 898 nomen.
493 823 557 892 Sed
576 840 662 887 notae
680 822 749 888 MS.
770 845 885 889 omnes
904 824 1022 910 melius
1038 840 1072 889 et
1085 823 1275 913 diligentins

231 935 346 1023 positae
355 924 567 992 invenientur
578 921 613 984 in
625 920 771 1008 catalogo
781 921 995 986 Bandiniano.
1011 923 1049 985 In
1062 921 1203 992 maxima
1214 921 1276 1004 bpc

229 1033 305 1098 libri
325 1027 428 1093 nostri
449 1021 642 1088 auctoritate
662 1033 842 1084 esttamen
860 1019 918 1086 ubi
939 1019 1098 1110 majorem
1118 1043 1276 1108 agnoscas
1345 1031 1351 1039 “

230 1123 419 1194 Turicensis
431 1117 571 1197 codicis,
587 1115 774 1206 cujusmodi
786 1117 878 1182 locus
892 1134 941 1183 est
952 1119 1048 1197 VIII,
1064 1116 1099 1198 6,
1115 1116 1167 1182 68.
1181 1119 1278 1182 Uter-

230 1250 296 1318 que
312 1241 424 1290 autem
435 1219 557 1282 horum
568 1213 611 1279 ad
625 1213 776 1279 eamdem
789 1216 939 1303 profecto
953 1215 1117 1304 originem
1128 1215 1278 1280 referen-

230 1327 293 1392 dus
306 1339 372 1400 est,
387 1338 492 1408 quum
504 1310 683 1400 utrobique
695 1312 822 1377 lacunae
834 1314 905 1377 fere
916 1313 1016 1378 nullae
1029 1314 1109 1395 sint,
1125 1330 1158 1379 et
1170 1317 1280 1403 singu·

228 1423 305 1490 laris
324 1418 559 1505 scripturarum
576 1432 680 1497 prope
695 1410 844 1474 omnium
859 1410 1068 1498 conspiratio.
1086 1411 1280 1482 Almolove-

229 1521 347 1584 nianus
367 1512 442 1587 ille,
465 1509 552 1571 inter
575 1528 675 1596 quem
699 1521 733 1569 et
752 1507 1157 1602 Turicensengsummum
1180 1509 1279 1574 toties

229 1613 424 1704 agnovimus
434 1626 648 1683 consensum,
659 1603 798 1669 fortasse
809 1604 931 1670 artiore
943 1619 1055 1670 tamen
1068 1604 1281 1696 conjungitur

228 1711 362 1779 vinculo
382 1729 460 1772 cum
482 1703 685 1780 Florentino.
709 1702 761 1768 Sic
779 1702 860 1780 VII,
883 1723 920 1782 a,
943 1706 996 1784 lo.
1018 1704 1281 1769 Almeloveniani

229 1825 415 1878 monstrum
426 1799 599 1878 elatabant,
611 1799 702 1888 quod
713 1799 836 1865 abesto
846 1800 974 1881 Turia,
984 1799 1086 1867 habet
1096 1803 1194 1866 etiam
1205 1827 1280 1869 nos·

231 1926 292 1988 ter,
305 1906 386 1984 VII,
407 1925 433 1978 1,
450 1920 502 1964 no.
523 1899 608 1962 Alm.
627 1913 659 1962 et
676 1897 763 1961 Flor.
780 1895 884 1962 verbo
903 1901 1058 1964 remittere
1076 1915 1282 1987 praerertnnt

232 2028 316 2083 eam,
330 2023 398 2066 non
409 2021 463 2077 eo,
477 2017 554 2062 cum
565 1993 694 2070 Turio,
707 1995 787 2072 VII,
806 2017 858 2068 ιο,
875 1995 905 2060 3.
918 1997 1004 2060 Flor.
1018 1996 1201 2083 Alm.,jrrre
1214 2000 1283 2086 qui·

232 2101 313 2167 dem.
326 2097 454 2174 Turio,
467 2089 768 2182 vereq.VideVll‚
782 2089 818 2171 6,
837 2114 889 2172 ιι,
903 2095 1001 2171 VIII,
1015 2092 1050 2171 3,
1066 2093 1122 2172 413
1136 2094 1229 2172 VIII,
1243 2093 1279 2174 6,

235 2201 290 2280 533
307 2199 367 2274 IX,
384 2195 419 2272 3,
436 2191 494 2279 67,
511 2189 564 2254 68.

255 2295 259 2300 ’
277 2296 473 2364 Αάιειιειιι
486 2311 540 2353 me
556 2307 757 2374 magnopere
776 2279 1048 2352 commemoratio
1067 2284 1188 2352 codicis
1206 2287 1281 2351 Me-

234 2381 445 2480 diolaneiisis«
456 2379 542 2456 tica
562 2401 583 2449 a
604 2386 794 2478 Bormanon
816 2384 851 2448 in
874 2383 1069 2472 praefatione
1089 2383 1282 2467 Quintiliani

236 2499 303 2574 sui,
328 2475 528 2575 folioteitio
552 2475 866 2578 ammqssqssniam
887 2505 955 2546 non
976 2491 1192 2548 numerantur
1210 2483 1283 2574 ejus

234 2589 390 2682 paginae),
403 2567 784 2681 qoiflsmcumyns'siuln
797 2593 906 2642 narrat
915 2580 960 2663 (ι)
972 2581 1083 2644 testari
1094 2581 1203 2648 visum
1216 2604 1239 2646 a
1247 2603 1283 2646 se

236 2692 271 2756 in
283 2681 498 2780 Amitrpsiaha
509 2667 708 2742 bibliotheca
723 2675 873 2741 codicem
888 2678 1053 2765 scriptoris
1065 2678 1133 2742 mei
1148 2677 1284 2744 unciali·

236 2789 299 2854 bus
309 2767 702 2875 litteriieparaiisgthop
712 2771 850 2860 quidem
860 2772 1019 2838 carbones
1029 2772 1203 2838 thesaurus
1213 2773 1283 2851 ille,

238 2880 297 2951 sed
313 2875 458 2943 unciales
471 2859 856 2954 littorei-comparuerunt
867 2869 982 2949 nullae,
997 2866 1161 2957 rediitque
1175 2889 1227 2934 res
1242 2867 1285 2934 ad

238 2976 463 3048 membranam
477 2967 552 3032 satis
561 2980 724 3030 vetustam
735 2963 907 3053 nitidaque
918 2965 1086 3053 scriptam,
1099 2987 1197 3054 quam
1211 2987 1286 3030 eru-

239 3076 420 3146 ditissimus
427 3063 635 3132 bibliothecae
646 3065 820 3152 preelectus
829 3065 1004 3128 Caietanus
1012 3065 1165 3150 Bugatus,
1172 3062 1284 3142 abbas,

239 3174 320 3242 noni
336 3169 388 3234 vel
409 3163 529 3230 decimi
548 3161 650 3226 seculi
669 3176 800 3248 partum
814 3159 959 3250 judicat,
979 3161 1086 3224 forma
1108 3159 1284 3248 quadrata,

239 3273 329 3342 unde
342 3284 509 3333 rumorem
521 3259 614 3323 illum
627 3257 861 3346 quadratorum
873 3275 906 3322 et
920 3280 997 3322 mox
1008 3259 1186 3346 uncialium
1198 3259 1287 3324 litte·

239 3392 351 3438 rarum
365 3379 474 3429 ortum
490 3357 754 3445 suspicabamur3
770 3378 880 3443 neque
895 3357 983 3421 enim
998 3357 1148 3444 profecto
1160 3359 1285 3443 magni·

239 3465 377 3536 ficandis
394 3461 450 3539 iis,
466 3479 540 3547 quae
555 3456 773 3544 negligentius
791 3455 929 3520 fortasse
948 3455 1147 3543 inspexerat,
1167 3477 1287 3542 peper-

240 3569 285 3635 cit
300 3568 428 3629 Isaacus
439 3555 588 3630 Vossius,
602 3554 653 3616 vir
668 3551 767 3639 paulo
782 3567 874 3638 patre
888 3574 950 3617 suo
963 3551 1285 3640 confidentiloquior.

239 3660 355 3728 Multis
376 3654 431 3718 hic
452 3651 557 3717 codex
579 3649 630 3732 (in
648 3647 862 3712 Ambrosiaua
880 3649 1024 3734 signatus
1043 3648 1149 3712 littera
1170 3649 1206 3726 F,
1226 3670 1287 3712 nu·

240 3781 334 3825 mero
352 3755 421 3836 ιιι)
441 3750 566 3816 lacunis
585 3747 846 3833 interrumpitur,
863 3767 937 3836 quae
953 3745 1073 3810 mirum
1092 3745 1127 3808 in
1147 3744 1286 3810 modum

275 3911 315 3982 (t)
332 3908 408 3962 Iidita
425 3921 487 3978 post
501 3907 557 3958 haec
574 3903 686 3977 epistola
702 3905 729 3954 in
745 3900 849 3974 Sylloge
865 3903 1021 3965 Burmanni,
1038 3913 1057 3951 t.
1070 3901 1118 3964 III,
1134 3917 1161 3968 p.
1177 3897 1243 3968 572,
1260 3908 1287 3946 et

240 3994 364 4050 Vossius:
380 3989 475 4057 sVidi,
488 3992 537 4056 ait,
550 3992 577 4040 in
590 3986 636 4039 illa
648 3983 810 4037 bibliotheca
824 3982 1017 4052 Quintilianum
1030 3979 1179 4034 uncialibus
1193 3977 1286 4030 litteris

128 4089 130 4094 '
225 4074 424 4146 ‚coemptarum
