2850 4996
274 489 597 555 lNSTlTUTlONlS
615 489 742 566 ORAT,
764 493 843 554 LIB.
858 493 938 570 Vll,
964 517 989 557 r.
1110 497 1127 574 4
1138 517 1146 556 r

110 614 231 686 lenoni
249 615 421 686 vendidit:
442 615 478 684 in
497 615 581 702 hoc,
598 613 641 685 de
660 641 730 712 quo
749 615 941 714 loquimur,
956 637 1050 716 patre
1067 617 1154 716 quid

59 735 66 760 ⁸
110 728 350 827 apprehendi¹
383 727 515 826 potest?
544 731 736 801 Damnatus
760 747 816 802 est.
841 729 1029 832 Numquid
1049 739 1156 830 iqitur
1170 741 1204 796 ⁵6

112 845 166 916 lex
188 846 238 914 ad
257 843 426 916 absolutos
448 859 581 916 tuntum
602 859 715 943 patres
737 845 906 944 pertinet?
935 846 1022 918 dura
1041 846 1155 945 prima

110 958 224 1028 fronte
245 957 427 1056 quaestio²:
449 983 521 1028 non
549 956 789 1054 desperemus:
809 956 972 1029 credibile
997 981 1062 1049 est,
1086 960 1153 1030 hoc

29 1114 32 1119 -
110 1071 257 1142 voluisse
272 1069 537 1168 legumlatorem
547 1068 573 1158 ³,
590 1097 634 1142 ne
646 1070 772 1142 auxilia
785 1070 976 1145 liberorum
989 1073 1153 1145 innocen-

110 1183 202 1254 tibus
211 1183 371 1254 deessent
381 1209 388 1253 :
400 1183 461 1254 sed
472 1182 538 1254 hoc
552 1183 665 1256 dicere
681 1184 804 1256 rustico
818 1185 1152 1275 verecundumiest,

111 1297 215 1398 quia⁵
229 1299 455 1372 innocentem
470 1299 576 1371 fuisse
589 1321 723 1399 patrem
741 1301 878 1372 fatetur.
900 1304 969 1374 Dat
987 1287 1082 1376 aliud
1099 1330 1154 1374 ar·
1170 1310 1202 1382 ⁵7
1230 1338 1234 1346 v

111 1431 323 1510 gumeutum
349 1411 583 1483 controversie
591 1410 619 1499 ⁶,
644 1415 834 1486 Damnatus
854 1417 1057 1514 proditionis
1076 1441 1155 1486 cum

111 1527 278 1598 advocato
299 1523 444 1598 exsulet:
461 1525 515 1597 vix
530 1525 664 1598 videtur
682 1554 781 1625 posse
800 1528 893 1616 fieri,
914 1549 952 1600 ut
967 1556 1067 1627 poena
1082 1528 1154 1601 filio

111 1638 286 1710 ineodem
301 1654 430 1736 patret,
450 1659 484 1710 et
497 1639 524 1710 si
539 1639 694 1727 affuerit,
712 1640 787 1711 etsi
807 1666 878 1712 nou
896 1641 1049 1729 affuerit,
1067 1654 1154 1713 cori·

111 1754 228 1825 stituta
241 1753 299 1824 sit:
316 1773 479 1850 praeterea
493 1753 547 1824 lex
564 1753 610 1824 ad
624 1753 757 1826 exsules
770 1754 867 1826 nulla
879 1756 1044 1854 pertinet:
1056 1753 1071 1801 ⁸
1081 1783 1153 1828 uon

108 1977 229 2038 ponunt,
242 1965 289 2016 sed
306 1965 377 2017 hunc
396 1983 457 2017 cum
472 1967 545 2017 socio
565 1983 614 2017 suo
656 1980 717 2037 post
729 1967 915 2032 verecundum,
927 1965 1007 2018 veluti
1018 1968 1061 2032 IV,
1073 1966 1099 2030 5,
1114 1983 1153 2036 19,

108 2043 615 2113 Gomstvalt.(err.1turm.)facere
656 2057 695 2095 est
721 2067 732 2089 ι
747 2063 826 2096 cnusa
849 2063 944 2117 parum
970 2044 1151 2096 verecunde.-
1232 2072 1235 2082 =

109 2126 246 2193 suspicor,
259 2125 304 2194 qui
314 2124 529 2196 pereqrinationis
539 2122 615 2193 (vide
654 2121 720 2173 Vide
732 2121 765 2173 de
780 2122 931 2172 uerecundia
943 2135 969 2172 et
980 2124 1028 2188 Vl,
1040 2123 1071 2188 3,
1084 2124 1126 2176 33.

75 2207 79 2212 ’
99 2201 159 2254 Ἰηο
173 2201 213 2272 §.,
225 2204 290 2253 item
301 2203 361 2267 Vll,
376 2219 404 2265 u,
420 2203 464 2271 9).
478 2203 613 2254 Turiceus.
690 2199 714 2251 5.
732 2200 807 2268 Quia.
823 2199 900 2252 Haud
914 2199 994 2270 pnulo
1008 2201 1101 2252 melius
1116 2201 1154 2253 le-

110 2282 199 2334 ouelf.
223 2283 325 2346 Curru,
346 2281 534 2353 pereqrinnntis
553 2299 613 2332 cum
653 2279 762 2350 quiqui.

109 2361 178 2412 Alm.
188 2359 283 2412 etedd.
292 2372 353 2410 ante
362 2358 554 2429 Ruso-Reliqui
563 2359 614 2408 im·
642 2371 647 2378 “
689 2358 714 2410 6.
741 2357 936 2419 (ἕοηῑνουεηίω,·
960 2360 997 2410 sic
1017 2360 1151 2411 Turicens.

109 2439 240 2511 pietatis'e
251 2442 402 2508 conjecture
413 2440 494 2507 Regii.
505 2439 611 2490 Sueton.
653 2436 739 2489 Guelf.
753 2436 836 2488 Goth.
854 2438 926 2489 Jens.
945 2434 1005 2506 (err.
1026 2429 1162 2508 Gesnerol

111 2519 205 2571 Claud.
217 2517 261 2582 16,
268 2518 474 2592 pereqrinantem
484 2536 533 2588 pro
541 2535 613 2587 pere·
654 2532 714 2572 curn
725 2514 792 2567 Vull.
807 2528 833 2567 et
846 2514 905 2566 edd.
919 2527 979 2566 ante
990 2519 1083 2567 Vener.
1097 2533 1152 2568 exc.

108 2596 614 2673 yrinitatem.VideOudend.-Eodem
653 2595 733 2645 Csur.
750 2613 781 2646 ex
796 2613 848 2664 quo
864 2597 952 2646 notari
968 2595 1152 2661 controuersia,

111 2679 204 2730 nostri.
215 2677 262 2728 Eu.
276 2707 310 2716 -
318 2677 405 2741 Dixit,
416 2694 540 2747 eumque,
552 2676 612 2747 qui3
655 2691 711 2744 que
719 2686 758 2724 est
767 2672 868 2743 aliquot
877 2686 940 2726 vett.
951 2673 1153 2743 multarumque,

110 2757 148 2806 sic
158 2773 250 2825 margo
257 2756 335 2807 Basil.
345 2756 379 2806 D.
389 2772 513 2826 eumque,
523 2756 612 2806 Turio.
654 2766 683 2803 ut
695 2764 721 2802 et
732 2752 811 2804 Gesn.
823 2755 1000 2804 recentiorum
1009 2754 1153 2824 scriptura,

111 2834 199 2887 Guelf.
221 2833 302 2887 Ctur.
321 2834 401 2887 Goth.
424 2836 492 2905 (tec.
515 2833 614 2904 Geso.)
653 2830 784 2902 probante
794 2833 927 2900 Regio.-
938 2830 992 2883 Soli
1001 2833 1031 2882 lt.
1049 2831 1151 2897 1‚Jeus.

112 2914 146 2964 D.
160 2931 221 2964 erem
235 2913 294 2984 qui,
309 2914 380 2964 Jens.
397 2931 459 2964 cum
475 2907 613 2964 edd.'ante
654 2907 728 2974 Ali,
751 2907 930 2960 controversia.
955 2911 1000 2960 En.
1017 2937 1053 2951 -
1070 2910 1152 2960 Dat...

111 2991 191 3043 Ruso.
208 3011 262 3062 quo
279 3010 334 3042 acc.
349 2990 407 3042 Ald.
424 2989 527 3061 Reliqui
537 2989 562 3040 d.
577 3009 613 3040 an
653 2986 838 3038 controversie.
850 2985 1002 3056 Subjectum
1019 2988 1153 3038 sententies
1221 3013 1224 3024 =

76 3081 79 3088 '
111 3087 170 3120 eum
181 3069 243 3140 qui,
256 3071 412 3139 conjiciente
421 3069 513 3137 Regio.
654 3078 693 3118 est
702 3067 758 3136 ipsa
768 3066 812 3117 illa
823 3084 879 3135 quae
887 3067 1151 3135 sequitursententia:

151 3146 613 3219 r..Quidappreliendi.Turic.Guelf.,
652 3143 825 3196 Damnatus...
838 3142 943 3194 exsulet.
970 3177 972 3182 -

111 3225 218 3297 quoda.
234 3244 294 3276 cum
308 3224 439 3298 plerisque
453 3237 515 3277 vett.
530 3224 612 3278 libris.
690 3241 713 3291 7.
724 3223 757 3274 In
769 3222 858 3274 eodem
868 3233 957 3294 patre3
970 3223 1006 3274 ita
1016 3224 1151 3275 Turicens.

110 3304 525 3376 Correxitnostrumllegius,sed
533 3304 613 3357 habet
653 3300 786 3354 Guelferb.
799 3303 880 3353 Ciur.
894 3319 955 3354 oum
966 3299 1045 3352 Goth.
1058 3300 1152 3352 Almel.

108 3387 164 3455 jam
189 3385 271 3435 Ctnr.
288 3413 324 3427 -ν
344 3382 518 3456 Apprultendi.
546 3383 612 3435 Vide
652 3380 728 3431 Voss.
747 3397 779 3443 u,
797 3378 864 3430 Voll.
885 3391 911 3430 et
929 3378 989 3430 edd.
1011 3377 1151 3430 antonici.
1202 3402 1205 3410 ·

112 3462 204 3527 vt,4‚
221 3462 260 3514 18.
652 3461 717 3525 Hic,
735 3460 816 3528 Regio
831 3458 958 3528 jubente,
977 3457 1065 3510 eadem
1082 3459 1153 3529 patri

148 3558 172 3591 u.
190 3541 294 3592 Dura...
306 3540 419 3612 questio.
430 3539 497 3591 Vide
509 3538 555 3591 lib.
568 3541 612 3606 lV,
652 3557 712 3589 cum
725 3538 797 3590 editt.
810 3551 871 3589 ante
882 3536 962 3588 Geso.
977 3553 1032 3588 exc.
1048 3536 1110 3588 Bnd.
1120 3565 1153 3576 -

110 3637 169 3689 cap.
184 3618 216 3681 5,
232 3617 254 3688 §.
268 3617 293 3670 5.
651 3618 788 3674 Ineodem
801 3627 883 3687 patre.
899 3617 925 3669 si
936 3629 1011 3687 pater
1023 3615 1065 3667 ille
1079 3615 1154 3668 dam-

146 3699 171 3750 3.
181 3696 399 3772 Lequmlatorem.
408 3697 499 3760 Genu,
511 3694 614 3769 leqiela-
652 3708 728 3746 natus
742 3696 834 3759 fuerit,
848 3712 943 3766 quum,
958 3695 1003 3764 qui
1017 3695 1073 3763 ejus
1090 3711 1153 3746 cau·

112 3787 201 3827 torem.
216 3775 283 3828 Vide
296 3775 339 3828 52.
462 3799 468 3810 ·
653 3792 709 3825 sam
726 3786 858 3838 oraverat,
874 3772 950 3824 simul
970 3771 1082 3836 exsulet,
1098 3781 1153 3826 non

147 3853 172 3918 4.
186 3854 363 3905 Verecundiam
376 3863 420 3904 est.
432 3852 565 3904 Sententia
573 3853 613 3902 ia·
652 3856 778 3924 potestis
795 3869 901 3921 quoque
918 3853 1019 3922 puniri,
1037 3855 1082 3933 qui
1098 3871 1153 3906 nou

112 3931 160 3983 cile
175 3945 299 4003 apparet:
316 3932 494 3982 uerecundiam
510 3941 610 3995 movet,
653 3943 779 3994 oraverat.
877 3989 879 3994 .

111 4010 235 4078 pudorem
255 4009 356 4061 incutit.
378 4009 499 4061 An‘alibi
518 4009 612 4062 eodem
688 4007 1154 4080 8.Nonerqo...scriptum.Quumlex

113 4086 192 4138 ruodo
203 4087 302 4138 dictum
313 4089 359 4154 sit,
368 4087 488 4140 nondum
496 4090 609 4141 invenio.
652 4087 728 4139 nulla
735 4085 863 4157 pertineat
871 4086 906 4137 ad
912 4087 1018 4153 exsules,
1029 4086 1100 4138 credi
1110 4101 1154 4139 ne-

113 4166 180 4230 llsm
197 4165 265 4218 feras
287 4169 364 4219 etiam
387 4186 439 4219 non
460 4169 611 4242 appositum
654 4169 711 4238 quit
722 4166 806 4239 legem
819 4183 876 4217 esse
890 4168 1013 4246 scripturn
1026 4165 1058 4220 de
1070 4165 1153 4227 advo-
