2850 4996
268 467 594 534 rnsrtru'nonrs
611 468 738 533 onir.
758 471 838 535 nin.
853 473 932 552 vu,
957 497 983 538 ι.
1103 471 1144 562 39

103 617 219 679 ccam,
234 611 285 680 ct,
297 590 424 684 omisso
438 590 641 689 speciosiore
651 590 719 662 stili
731 618 856 689 genere
867 609 891 682 ¹,
902 595 946 665 ad
958 588 1143 668 utilitatem

11 769 13 790 ,
103 733 160 777 me
176 707 360 778 summitto
378 707 602 778 discentium:
620 733 742 778 omnes
756 709 871 782 adbuc
886 711 1090 808 questiones
1104 737 1146 783 ex

102 847 249 918 persona
261 823 414 919 petitoris
424 822 531 920 ipsius
541 822 725 892 duximus'
737 849 745 894 :
757 850 819 894 cur
828 851 900 896 non
912 825 1043 924 aliquid
1056 825 1146 897 circa

103 935 259 1031 patrem3
272 935 481 1033 querimus?
493 937 624 1008 dictum
637 963 709 1008 non
722 935 807 1026 esti,
821 940 885 1010 Cui
896 945 974 1044 'quis
985 967 1055 1012 non
1071 939 1147 1037 ⁵ctf-

11 1209 12 1218 ,
102 1171 604 1244 qnodr'drnodoficeundesubiteruere:
645 1190 757 1242 operosa
781 1172 832 1224 bac
853 1176 988 1226 tenuitate.
1012 1175 1147 1226 Novitiurn

103 1248 172 1318 quod
185 1248 605 1322 lrocmodofiet..lsmantemse·
645 1263 765 1301 nostrum
784 1253 856 1304 vocis
874 1251 927 1304 stili
945 1271 1022 1303 usum
1041 1252 1074 1304 ab
1093 1252 1146 1305 boc

103 1329 210 1394 quentia
225 1341 286 1378 ante
301 1329 395 1381 Omnes
405 1349 453 1400 pro
464 1331 606 1400 interjectis
644 1327 823 1394 Quintilianeo
838 1333 859 1381 si
876 1330 1024 1382 discernere
1036 1331 1145 1401 jubear,

11 1465 12 1472 ἵ
102 1403 210 1471 babeo,
234 1419 262 1458 et
285 1409 448 1478 parenthesis
472 1409 605 1460 includam
643 1405 694 1458 bsc
712 1408 822 1460 fortasse
842 1413 940 1480 optime
959 1410 1087 1482 defungar
1105 1431 1146 1464 re·

104 1483 180 1530 notis.
197 1483 256 1534 Nec
270 1503 338 1556 opus
355 1485 432 1537 fuerit
446 1487 515 1537 enim
533 1490 604 1539 inse-
644 1487 801 1556 sponsione:
818 1488 891 1539 stilus
906 1488 977 1560 apud
994 1490 1086 1556 Quint.
1106 1502 1146 1542 est

103 1578 160 1612 rere
176 1577 240 1614 ante
257 1564 353 1616 imitor.
368 1568 498 1636 Apparet,
511 1568 603 1634 Quint.
643 1563 744 1634 scriptio
755 1563 897 1638 (materia),
907 1586 962 1618 non
971 1567 1096 1619 scribendi
1107 1589 1145 1620 rn-

103 1656 176 1690 susm
193 1643 277 1712 ipsius
295 1657 321 1694 et
333 1643 470 1714 designare
484 1659 510 1696 οι
528 1663 605 1697 excu-
644 1640 802 1714 tio(forma).
815 1645 968 1717 Nequehoc
978 1645 1039 1697 loco
1049 1647 1144 1717 agitde

104 1734 160 1769 sore
183 1721 314 1772 rationem
338 1722 467 1787 docendi,
490 1741 523 1774 ne
545 1726 603 1794 quis
644 1723 811 1787 orentis‚sed
821 1723 854 1775 de
863 1727 1037 1796 precipientis
1045 1727 1145 1778 ambitu

103 1794 170 1845 forte
182 1799 298 1866 accipiet
311 1799 400 1850 imitor
410 1799 532 1870 (primam
545 1818 604 1870 per-
643 1799 811 1869 eloquentie,
824 1820 903 1873 quern
914 1806 1002 1865 vitarit
1012 1807 1077 1875 ipse.

104 1891 195 1924 sonam
207 1877 286 1947 sing.)
300 1895 353 1948 quo
364 1895 444 1930 sensu
456 1879 537 1930 modo
547 1891 603 1930 eret
679 1897 703 1930 s.
715 1880 853 1934 Duximus.
864 1885 950 1934 ruric.
963 1884 1065 1948 Guelf.‚
1075 1883 1144 1935 dixi-

103 1951 285 2019 r'ntendnmus,
311 1956 440 2028 pluralis,
462 1959 602 2028 respiciens
643 1973 770 2008 muscum
781 1957 1142 2030 Alm.et'Jens.(tsc.Gesn.)

103 2029 144 2080 ille
163 2030 199 2081 ad
220 2032 345 2085 lectorem
361 2034 401 2088 vel
418 2039 531 2087 tironem
546 2036 603 2088 elo·
642 2032 802 2105 reliquisque
812 2037 871 2088 edd.
883 2051 943 2089 eme
954 2038 1012 2088 Ald.
1024 2039 1143 2091 Correxit

104 2112 366 2178 quentia-Numi
387 2133 480 2167 omnes
501 2133 554 2186 qno
576 2115 604 2168 id
642 2112 745 2180 Regius.
767 2113 818 2166 Sed
840 2129 958 2166 nostrum
975 2115 1055 2167 Goth.
1073 2117 1141 2169 Vall.

103 2185 250 2258 morafiae
261 2191 308 2242 sed
317 2192 417 2244 diverse
424 2193 602 2262 distinguunt,
642 2189 721 2242 Cur.

104 2283 184 2333 (quum
196 2265 241 2317 elii
251 2268 378 2338 virgulam
386 2269 545 2340 postponit,
559 2268 603 2324 alii
677 2265 702 2318 3.
722 2269 792 2320 Circa
806 2281 917 2340 patrem.
930 2273 1034 2323 Poterat
1049 2266 1142 2342 aliquis

104 2342 156 2394 duo
168 2359 284 2415 puncta,
294 2347 338 2398 alii
347 2363 484 2419 punctum.
496 2353 543 2402 Eo.
642 2357 741 2398 tentare
749 2341 841 2398 ‘conus
851 2366 879 2418 p.
895 2347 966 2416 (vide
978 2351 1010 2414 V,
1025 2352 1069 2417 13,
1083 2349 1140 2422 28).

142 2442 163 2474 r,
184 2426 340 2497 Speciosiore
356 2427 411 2480 stili
426 2445 526 2502 penem.
546 2431 603 2480 Hoc
643 2423 708 2474 Vide
728 2423 750 2494 §.
773 2423 826 2476 55:
843 2425 1009 2496 apprehendi.
1027 2427 1076 2479 Sed
1092 2445 1141 2480 nec

104 2505 190 2573 ipsum
207 2507 296 2556 Tunc.
316 2505 358 2575 (a.
377 2527 418 2577 pr.
438 2508 536 2578 manu)
554 2510 604 2559 nisi
643 2519 719 2572 Opus·

103 2582 175 2652 quod
186 2582 363 2654 discerptum:
375 2585 555 2656 speciosiorest
563 2584 605 2636 illi
678 2579 703 2645 4Ι
718 2579 824 2630 Dictum
837 2599 890 2632 nott
902 2591 951 2641 cst,·
965 2582 1001 2632 sic
1014 2583 1141 2632 Turicen-

100 2679 126 2732 9.
139 2663 177 2712 Ex
189 2662 259 2712 Aim.
278 2677 355 2714 notat
366 2662 408 2716 ilii
423 2664 502 2716 modo
515 2665 601 2714 Bunn.
643 2659 677 2708 sis
695 2675 757 2708 curn
776 2658 1006 2725 Almelovenisna‚
1024 2659 1140 2712 Gothen.

103 2739 177 2807 (vide
194 2739 243 2805 53,
260 2740 320 2812 58)
339 2742 362 2791 A
379 2760 431 2794 ηερ,
448 2740 492 2792 iile
507 2759 600 2792 manu:
643 2738 717 2786 Voss.
737 2753 760 2786 a.
780 2737 882 2808 Reliqui
901 2739 998 2789 dictum
1018 2755 1075 2790 vero
1096 2750 1140 2791 est.

103 2818 251 2889 speciosiore
267 2817 314 2870 illo
326 2839 353 2892 9·
373 2822 450 2874 etsie
466 2818 601 2872 Guelferb.
642 2816 720 2881 ebs,
730 2816 756 2866 d.
767 2817 1140 2889 nempeet.-Nostridirtnm

103 2899 183 2949 Circe.
195 2899 321 2950 Tervens.
332 2917 392 2950 cum
402 2898 482 2952 Goth.
493 2901 564 2950 lens.
576 2911 603 2948 et
643 2904 761 2960 nonest,
780 2899 894 2966 exceptis
912 2895 977 2948 Veli.
999 2896 1044 2948 lib.
1063 2913 1079 2948 s
1098 2915 1141 2949 se·

104 2977 175 3030 editt.
190 2990 251 3028 ante
262 2980 341 3029 Ruso.
358 2980 402 3048 qui
417 2979 516 3047 primus
529 2978 604 3046 Regii
643 2973 729 3024 cunda
739 2990 818 3024 manu
829 2976 949 3045 antiqua,
959 2977 989 3026 R.
1005 2974 1139 3039 10‚Ctur.

102 3059 318 3108 constitutionem
327 3056 432 3108 exhibet
443 3073 481 3126 sp.
492 3053 539 3106 illo
549 3053 604 3106 stili
642 3050 737 3115 Andr,
750 3053 795 3121 qui
806 3050 906 3103 babent
916 3053 1013 3104 dictum
1026 3069 1083 3104 veru
1095 3063 1139 3106 est.

99 3157 125 3210 q.
135 3135 379 3206 obtemperantibus
389 3147 450 3186 ante
459 3135 538 3186 Gesn.
547 3151 603 3184 orn-
642 3130 687 3180 En.

101 3213 193 3278 nibus,
205 3231 262 3264 exc.
275 3212 339 3265 Obr.
351 3213 505 3282 Hidantsp.
517 3209 564 3262 illo
573 3231 600 3284 p.
676 3207 703 3260 5.
727 3208 775 3259 cot·
794 3207 851 3280 quis
871 3225 925 3258 non
942 3207 1060 3279 offuerit.
1079 3207 1140 3260 Haec

101 3291 239 3343 -Eadem
248 3294 339 3342 nostri.
350 3290 601 3363 lio.-÷Stili9enere-.
643 3305 724 3357 quum
738 3289 770 3340 sit
786 3300 909 3338 constans
926 3287 1043 3336 omnium
1059 3283 1141 3336 libro-

101 3371 157 3420 Hoc
170 3381 225 3420 est:
239 3367 402 3438 «scriptionis
410 3385 515 3437 genere.
526 3390 537 3413 n
551 3369 603 3420 Ne·
641 3387 699 3418 rum
709 3369 848 3437 scripture,
858 3366 984 3416 enemine
995 3363 1081 3415 adhuc
1091 3363 1141 3415 sol·

102 3465 152 3518 que
163 3447 215 3498 hoc
223 3446 343 3517 exemplo
350 3446 523 3516 redarguitur,
529 3445 601 3516 quod
640 3444 751 3509 licitae,
762 3463 815 3496 non
828 3456 914 3495 temen
923 3457 1063 3512 possumus
1073 3443 1100 3492 in
1108 3457 1139 3493 ee

100 3529 191 3578 monui
206 3527 240 3577 ad
251 3528 299 3590 Vl,
315 3543 337 3590 r,
352 3525 394 3590 4²·
406 3525 487 3577 Aliud
498 3537 567 3589 erat,
579 3525 602 3576 si
641 3525 815 3592 acquiescere.
827 3524 866 3573 Ex
878 3539 928 3591 qua
939 3523 960 3571 si
970 3519 1038 3570 ullus
1048 3535 1139 3572 sensns

101 3607 207 3658 dixisset
229 3605 377 3676 speciosiore
398 3603 465 3656 stilo.
491 3602 601 3654 Videtur
641 3599 700 3652 elici
711 3613 813 3672 potest,
826 3617 911 3670 neque
923 3597 1007 3650 facilis
1018 3593 1063 3647 ille
1077 3598 1140 3663 erit,
1165 3637 1169 3645 .

99 3688 153 3754 jam
165 3683 258 3734 audire
271 3700 394 3734 censores
405 3682 496 3748 Quint.
508 3682 601 3732 irrisu·
640 3695 727 3746 neque
740 3677 859 3728 idoneus.
876 3674 1025 3744 Legendunr
1043 3693 1139 3728 censeo

102 3781 157 3827 ros,
168 3761 241 3833 quod
250 3774 304 3813 tarn
312 3759 421 3812 humilia
429 3760 538 3824 docent,
547 3758 600 3810 his·
640 3755 754 3826 quisquis
767 3773 793 3804 n.
813 3775 837 3806 a.
850 3753 880 3804 ld
891 3771 986 3823 nempe
997 3753 1139 3824 probatum

103 3859 152 3910 que
164 3859 192 3891 se
205 3851 320 3889 excusat.
331 3837 410 3890 Stilus
422 3850 461 3890 est
473 3834 602 3907 quidquid
640 3835 685 3886 ivit
697 3833 817 3884 omnibus
828 3833 873 3898 iis,
886 3851 942 3903 quse
954 3832 1041 3884 adhuc
1050 3833 1140 3905 dispu-

102 3917 238 3982 scribitnr‚
252 3917 304 3968 hoc
319 3916 425 3987 quidem
441 3916 514 3981 loco,
532 3931 599 3986 opus
639 3915 710 3964 tevit.
724 3910 788 3962 Vide
804 3910 868 3962 mihi
885 3909 907 3981 §.
926 3910 967 3963 50.
985 3913 1054 3984 Erpo
1070 3913 1138 3984 quis·

102 3998 134 4050 de
149 3999 287 4069 preceptis
303 3996 473 4066 eloquentie,
489 3994 562 4066 quod
578 3997 601 4046 si
639 3991 726 4065 quis...
736 3989 982 4040 exherescritiltem
993 3987 1016 4060 §.
1026 3989 1139 4042 sunu-

102 4080 186 4130 minus
194 4075 269 4140 utile,
277 4093 357 4146 qnam
365 4077 523 4147 speciosum,
534 4091 599 4124 con·
639 4074 764 4122 tationem
780 4067 886 4138 quidem
901 4068 1042 4121 violentam
1058 4087 1136 4121 nemo

101 4152 599 4228 «lerevolniseet‚poteratsupersedere
640 4151 739 4204 dixerit.
