2850 4996
242 483 261 562 4
439 427 441 436 ⁴
565 477 604 538 1.
629 475 697 538 cn.
721 475 958 542 SPALDING

239 611 313 652 rum
322 585 589 674 privatarumque
599 582 807 648 fortunarum
816 586 1148 676 eversiones,quibus
1157 587 1287 653 coinon

316 719 319 726 ⁴
333 707 445 792 Excussi
458 731 583 788 manibus
596 732 681 801 radii,
694 733 874 811 revolutaque
885 742 989 812 pensa?

238 875 367 944 Deinde
379 892 548 963 torporem
560 875 764 961 ingeneravit
777 876 867 966 quod
878 875 1031 941 videbam
1042 877 1075 939 in
1088 876 1201 942 labore
1212 903 1287 968 pro-

237 977 326 1040 tinus
343 970 555 1060 suscipiendo
570 970 652 1034 nihil
668 993 722 1034 me
736 970 887 1061 adjutum
905 973 944 1037 iri
960 997 979 1036 a
996 972 1081 1036 libro
1096 973 1169 1053 illo,
1186 997 1286 1064 quem

237 1072 372 1163 plurimi
385 1071 539 1134 facerem.
555 1068 710 1157 Spondeo
723 1086 835 1134 tamen
848 1087 881 1135 et
894 1071 983 1136 hunc
999 1089 1032 1135 et
1043 1071 1184 1136 alterurn
1197 1073 1285 1138 codi-

237 1193 309 1235 cem
330 1170 365 1233 in
381 1189 461 1232 usus
478 1181 606 1230 nostros
627 1162 744 1229 sedulo
762 1187 815 1229 me
835 1190 1088 1246 conversurum,
1107 1192 1168 1232 nec
1190 1169 1285 1258 quid·

237 1290 337 1358 quam
354 1263 470 1329 dubito
487 1263 568 1350 quin
585 1279 696 1347 parata
708 1262 790 1325 mihi
805 1262 847 1326 sit
859 1264 970 1328 futura
984 1265 1202 1330 litteratorum
1215 1270 1285 1331 Mc-

236 1363 476 1429 diolanensium
502 1356 649 1423 officiosa
673 1358 852 1440 industria,
874 1385 978 1449 quum
1004 1363 1185 1448 praesertim
1208 1386 1285 1429 meo

236 1459 388 1547 exemplo
401 1454 589 1534 didicerim,
604 1474 727 1544 quanta
739 1456 936 1522 doctissimis
948 1457 1139 1524 bominibus
1154 1479 1238 1526 esset
1250 1463 1285 1526 in

236 1557 443 1626 eruditorum
463 1551 636 1618 desideriis
656 1553 826 1641 explendis
844 1554 968 1641 religio.
989 1555 1064 1618 Mea
1081 1555 1216 1643 quidem
1233 1579 1287 1622 ex-

234 1671 348 1743 cerpta
355 1655 400 1716 ita
408 1651 543 1738 signavi,
552 1666 590 1713 ut
597 1650 757 1739 majorem
766 1649 914 1714 codicem
922 1649 1125 1739 appellarem
1133 1653 1244 1718 Ambr.
1258 1679 1283 1738 r,

233 1753 389 1827 alterum,
404 1746 617 1836 quadratum,
636 1746 749 1810 Ambr.
766 1768 796 1810 2.
817 1748 876 1811 Illa
894 1749 929 1811 in
946 1746 1019 1812 loco
1033 1749 1109 1813 libri
1127 1753 1226 1830 sexti,
1243 1751 1285 1816 de

235 1873 301 1941 qua
313 1847 394 1925 dixi,
413 1845 547 1910 omissio
561 1868 666 1932 quum
682 1867 810 1934 magnae
829 1844 918 1934 apud
935 1869 989 1909 me
1004 1846 1286 1916 commendationi

233 1947 335 2012 fuerit
354 1941 460 2008 codici
479 1941 715 2020 Ambrosiam,
736 1943 814 2007 nolo
835 1942 1043 2008 tantumdem
1062 1944 1207 2011 tribuere
1229 1950 1286 2014 alii

234 2047 380 2122 cuidam,
397 2065 496 2131 quarn
514 2039 695 2105 ostendunt
712 2039 779 2104 duo
794 2041 830 2104 hi
848 2043 954 2120 MSS.,
972 2065 1103 2106 versum
1123 2067 1284 2132 graecum,

234 2147 300 2219 lIl,
314 2168 340 2221 1,
355 2144 407 2221 11,
418 2155 657 2229 praetereuntes
669 2139 738 2202 sine
749 2139 818 2203 ullo
831 2137 981 2204 defectus
991 2142 1140 2228 vestigio.
1153 2145 1290 2214 Habent

234 2244 323 2310 enim
337 2241 401 2305 hoc
417 2259 594 2304 commune
609 2259 685 2300 curn
703 2237 830 2325 aliquot
846 2239 944 2325 longe
957 2237 1127 2303 vilioribus
1143 2241 1233 2309 libris
1249 2249 1284 2311 in

232 2337 304 2403 aliis
317 2325 640 2430 ltaliae’bihliotbecis
651 2331 734 2395 mihi
744 2332 871 2397 oblatis.
882 2336 998 2423 Neque
1010 2336 1098 2398 enirn
1108 2360 1138 2401 v.
1150 2363 1177 2402 c.
1190 2341 1285 2408 deest

233 2437 321 2501 bona
333 2417 549 2517 Qisirltlliaitici
567 2429 787 2534 operiseopja
805 2431 839 2493 in
852 2431 1025 2510 Vaticana,
1044 2432 1102 2496 sed
1120 2435 1285 2525 ejusmodi

213 2553 284 2615 at,
305 2533 364 2623 qut
385 2512 864 2620 et-sugnhtaeuanoseg‘amm
883 2529 1024 2592 utilitate
1041 2549 1175 2618 praeest,
1197 2538 1284 2601 cete-

232 2633 396 2699 herrimus
411 2617 616 2715 etbpt‘mfn
632 2624 784 2720 lid-asinus
804 2647 909 2690 unum
931 2626 1033 2690 modo
1055 2651 1170 2693 eorum
1192 2633 1283 2701 MSS.

232 2730 346 2819 Poggii
358 2711 469 2821 sbtiulp
482 2709 697 2820 netiistlp'rem
709 2714 923 2812 pronunciet,
940 2742 1073 2791 caeteros
1089 2727 1158 2792 fere
1172 2753 1190 2793 e
1203 2731 1284 2821 Pog-

233 2831 331 2920 giano
349 2808 654 2912 trbnscriqitgitc'flfst
675 2832 787 2910 dotem
809 2822 864 2886 ille
882 2823 1018 2886 mutilus
1040 2841 1073 2887 et
1093 2849 1212 2914 magna
1231 2833 1282 2896 sni

233 2943 327 3018 parte
346 2943 455 2987 cassus
474 2903 721 3002 (veldt'lssirstv
740 2933 836 2998 extr„
858 2920 993 3006 integris
1012 2921 1075 3000 Vl,
1102 2947 1130 3010 7,
1154 2942 1187 2988 et
1206 2927 1283 3015 plus

234 3046 335 3117 quam
351 3016 489 3082 dimidio
501 3016 612 3096 Vlll),
627 3038 728 3103 quare
746 3015 838 3086 nolui
853 3017 995 3079 multum
1012 3039 1099 3082 curae
1112 3024 1286 3110 temporis-

235 3143 301 3214 que
316 3120 483 3181 insumere
496 3110 538 3174 ad
554 3109 700 3173 eruenda
712 3127 777 3174 tam
790 3113 914 3174 incerta
930 3110 1033 3191 bona,
1049 3112 1104 3178 hic
1117 3115 1162 3179 ibi
1174 3118 1284 3209 inspi-

235 3214 361 3286 ciendis
371 3211 462 3275 hisce
474 3206 564 3271 libris
578 3222 762 3272 contentus.
777 3207 851 3271 Plus
865 3204 943 3271 dedi
957 3210 1171 3295 excerpendae
1183 3236 1285 3283 anno-

234 3312 350 3383 tationi
361 3307 482 3398 passim
492 3296 589 3367 allit'ae
601 3303 642 3367 ad
655 3305 836 3392 marginem
849 3301 976 3366 Aldinae
989 3304 1141 3369 secundae
1152 3333 1172 3372 a
1183 3335 1284 3378 manu

233 3405 402 3480 benedicti
422 3401 503 3488 AEgii
521 3399 695 3489 Spoletini,
712 3425 786 3490 quae
807 3417 839 3464 et
858 3401 928 3488 ipsa
946 3418 1095 3467 servatur
1113 3405 1147 3468 in
1166 3405 1286 3474 biblio-

234 3511 331 3576 theca
338 3501 509 3574 Vaticana,
525 3519 564 3559 ex
574 3497 667 3587 cujus
678 3497 847 3586 diligentia
858 3496 938 3587 quid
949 3500 1162 3586 profecerim,
1172 3523 1284 3592 gratus

234 3603 410 3695 aliquoties
423 3599 461 3661 'in
478 3596 565 3658 notis
581 3596 710 3675 monui,
728 3619 930 3685 quamquam
944 3597 1042 3682 louge
1058 3597 1174 3662 absum
1188 3603 1229 3666 ab
1245 3627 1284 3670 ea

233 3703 378 3769 bominis
396 3671 473 3761 sime
488 3693 577 3757 docti
591 3695 821 3772 veneratione,
842 3696 974 3782 qualem
995 3717 1103 3783 nuper
1118 3697 1284 3767 simulavit

235 3799 405 3870 famelicus
428 3791 591 3879 sophistes
612 3790 802 3856 Parisiensis
826 3790 997 3854 insidiatus
1019 3792 1130 3878 gloriae
1148 3793 1283 3862 maximi

234 3892 484 3977 Casauboni(1).
507 3891 599 3954 Duos
619 3906 778 3977 praeterea
797 3888 893 3955 codd.
913 3889 1152 3970 Quintilianeos
1169 3897 1282 3963 Romae

272 4105 312 4179 (1)
322 4103 389 4158 Vide
401 4099 623 4172 Schweigbeuseri
633 4098 707 4150 Praei.
719 4099 747 4150 in
758 4097 928 4167 Athenaeum,
940 4119 967 4172 p.
981 4099 1025 4171 lxij
1038 4117 1111 4174 seqq.
