2850 4996
10 119 14 296 ‚

10 457 11 540 l

10 747 12 790 l

10 829 12 876 l

10 889 12 930 l

10 951 12 990 l

513 475 770 541 PRAEFATIO.
1145 475 1164 542 5

121 580 261 669 inspexi,
275 581 485 649 bibliothecae
502 584 702 648 Corsinianae
716 583 872 664 alterum,
888 583 1029 650 alterum
1045 583 1165 650 Barbe-

120 678 216 759 rinae,
236 704 381 769 quorum
401 683 492 770 prior
512 686 616 766 (num.
637 680 717 761 862,
737 683 821 766 fot),
841 681 1110 748 membranaceus
1131 684 1166 746 in

120 773 228 840 indice
241 777 444 864 perhibitus,
460 779 518 844 sed
533 795 653 867 praeter
668 780 814 866 primum
829 777 945 843 folium
960 779 1166 858 chartaceus,

117 873 200 936 male
215 875 356 964 scriptus
373 879 498 967 unique
518 900 558 942 ex
573 879 754 956 Vaticanis,
775 900 794 942 e
809 876 974 964 Poggiano
992 899 1165 965 expresse,

121 969 308 1038 simillimus
328 990 392 1054 est,
412 977 496 1039 alter
514 974 631 1040 melior
649 997 727 1039 sane
743 973 852 1060 (num.
872 975 1045 1054 2134,f01.
1062 997 1168 1037 mem·

10 1099 11 1106 κ
120 1064 278 1152 bran.)ad
287 1070 585 1162 Guelferbytanum
595 1087 628 1136 et
638 1070 804 1136 interdum
817 1070 915 1135 etiam
926 1069 969 1135 ad
979 1070 1169 1136 Gothanum

10 1195 11 1222 l
119 1165 280 1230 accedere
293 1168 436 1234 videtur.
456 1169 536 1258 Ejus
550 1168 687 1257 quidem
705 1168 731 1232 is
747 1169 804 1258 qui
816 1167 897 1232 olim
913 1167 1170 1232 Barbarinorum

120 1258 288 1326 librariam
305 1265 546 1354 supellectilem
564 1263 828 1345 administrabat,
848 1263 1056 1331 doctissimus
1068 1265 1170 1329 Gara·

120 1373 217 1424 tonus
233 1363 356 1450 passim
368 1363 409 1429 ad
423 1366 591 1430 Ciceronis
603 1366 655 1430 sui
668 1364 848 1430 editionem
863 1387 931 1429 non
942 1361 1171 1453 poenitendam

122 1453 215 1520 dedit
239 1461 400 1524 notitiam.
423 1461 577 1551 Denique
596 1462 735 1549 Neapoli
756 1462 791 1524 in
809 1460 1008 1526 bibliotheca
1028 1459 1170 1547 regiain

121 1567 312 1620 transcursu
326 1557 523 1646 perlustravi
534 1560 602 1625 MS.
614 1559 812 1644 (membran.
828 1581 918 1622 num.
936 1558 1036 1644 2439,
1051 1555 1122 1640 fol.)
1135 1556 1171 1619 in

121 1651 217 1741 cujus
234 1654 324 1718 calce
341 1655 412 1720 haec
427 1657 584 1746 leguntur
600 1657 784 1724 IOANNES
802 1657 1014 1721 MERVELT
1030 1655 1171 1718 GLERI·

121 1749 198 1822 CVS
213 1751 599 1835 MONASTERIENSIS,
614 1754 649 1818 in
668 1777 782 1819 aversa
800 1770 912 1819 autem
931 1752 1082 1843 ejusdem
1099 1751 1172 1816 folii

123 1864 215 1935 parte
227 1846 368 1916 disticha
378 1853 526 1941 quinque
538 1870 585 1919 sat
597 1851 730 1918 inficeta
741 1852 776 1917 in
787 1852 949 1917 honorem
958 1851 1169 1934 Quintiliani,

123 1942 245 2032 quibus
257 1945 414 2036 deinceps
423 1949 644 2038 subscriptum
655 1950 904 2015 DOMlNlCUS.
915 1949 1084 2031 Quantum
1094 1969 1172 2012 con·

119 2037 249 2128 jectura
261 2045 393 2132 assequi
402 2045 511 2125 licuit,
525 2046 625 2120 etiam
638 2045 692 2110 hic
706 2045 791 2111 liber
805 2046 907 2110 aetatis
923 2060 956 2108 et
970 2041 1171 2107 conditionis

122 2135 194 2199 fere
211 2138 284 2226 ejus
298 2139 473 2207 videbatur
489 2165 576 2225 esse,
597 2144 691 2235 cujus
710 2144 883 2208 Gothanus
902 2159 935 2206 et
947 2143 1042 2206 Voss.
1062 2161 1091 2204 a.
1111 2140 1169 2205 Su·

124 2252 236 2318 perest
259 2236 365 2302 codex
386 2241 553 2328 scriptoris
576 2263 643 2305 mer
662 2240 847 2306 identidem
869 2255 1069 2304 memoratus
1088 2238 1168 2301 Ges·

125 2355 224 2414 nero,
248 2333 373 2426 dequo
391 2339 471 2429 quid
490 2341 614 2405 factum
634 2355 734 2420 esset,
753 2338 862 2405 adhuc
878 2341 998 2405 frustra
1015 2337 1168 2426 quaesivi,

126 2434 259 2523 Kappii,
276 2437 355 2500 olim
370 2437 547 2525 Lipsiensis
560 2440 721 2520 doctoris,
738 2441 921 2526 peculium;
936 2437 994 2503 sed
1010 2437 1168 2503 vetustio-
1244 2463 1246 2470 ’

127 2529 234 2613 ribus,
250 2550 287 2597 ut
297 2533 440 2612 videtur,
457 2534 681 2602 accensendus
696 2549 730 2600 et
743 2534 919 2600 meliorum
935 2537 1006 2600 fere
1022 2534 1167 2621 scriptu-

124 2651 236 2692 rarum
250 2627 382 2694 vindex.

168 2723 277 2806 Mplta
286 2741 320 2790 et
330 2726 394 2792 hoc
405 2729 539 2794 tertium
551 2729 707 2794 volumen
718 2731 827 2817 operis
839 2731 943 2795 nostri
955 2728 1074 2795 obtulit
1085 2728 1168 2794 mihi

124 2825 212 2888 inter
230 2846 338 2888 moras
360 2825 558 2916 typothetae,
581 2851 656 2916 quae
677 2844 802 2892 mutata
822 2829 943 2893 vellem
960 2843 1017 2892 aut
1035 2826 1167 2894 indicta.

122 2922 276 3004 Quorum
290 2942 329 2986 ea
343 2922 464 3012 quibus
478 2923 619 2988 maxime
635 2923 801 3004 offendor,
814 2923 869 2990 hic
885 2927 1036 3014 protinus
1051 2942 1167 2992 notare

123 3017 260 3102 licebit(
283 3019 304 3102 ).

163 3183 203 3256 (t)
213 3187 249 3239 Ea
261 3206 310 3240 suo
323 3209 431 3263 queque
442 3190 503 3244 loco
514 3191 667 3264 reponenda
679 3195 834 3247 curarimus.
849 3194 897 3246 Eu.
