2850 4996
267 475 308 552 io
455 515 460 524 ·
548 481 593 544 M.
618 483 730 547 FABII
749 485 1025 567 QUINTILIANI

214 608 247 661 55
255 596 539 692 fuerit‚'exlt'crcs
554 610 626 675 erit.
643 606 798 679 Curnon
815 637 984 689 conamur
1000 632 1033 683 et
1049 613 1113 684 sic¹
1135 641 1304 712 quaerere,

265 712 375 799 Num,
392 719 602 814 cuicunque²
618 747 686 791 uon
701 723 839 820 affirerit
849 723 887 794 ³?
900 727 1061 798 Facimus
1078 727 1144 798 hoc
1162 754 1251 825 saepe
1266 729 1304 798 in

264 825 305 896 iis
322 832 572 921 controversiis,
587 834 624 906 in
637 836 763 934 quibus
775 859 940 935 petuntur
952 842 989 913 in
1003 842 1159 932 vincula,
1170 845 1231 943 qui
1246 871 1304 942 pa·

264 961 377 1014 rentes
389 969 467 1015 suos
481 973 553 1018 non
572 948 704 1040 aluntl,
725 974 764 1024 ut
776 980 871 1045 earn,
889 954 988 1053 quae⁵
1007 957 1246 1029 testimonium
1266 959 1302 1030 in

264 1054 377 1128 filium
397 1062 665 1157 peregrinitatis⁶
682 1091 781 1138 reum
804 1068 903 1160 dixit,
921 1098 1093 1169 eumque,
1109 1072 1170 1172 qui
1188 1073 1302 1144 filium

301 1267 323 1300 r.
336 1253 430 1314 Etsic5
445 1258 481 1306 ita
495 1257 582 1309 Turic.
596 1259 676 1312 Goth.
689 1263 760 1314 lens.
802 1267 879 1322 Busa.
891 1283 944 1334 quo
955 1285 1009 1318 acc.
1021 1266 1080 1318 Ald.
1091 1259 1302 1337 Reliquiaueum

261 1325 329 1396 (tac.
351 1333 447 1400 Gesn.)
468 1336 549 1388 Caur.
568 1356 629 1389 cum
647 1340 715 1391 Alm.
737 1357 763 1396 et
802 1344 848 1415 qui
864 1362 878 1394 e
895 1346 1048 1413 conjectura
1063 1346 1192 1414 Regii—
1203 1345 1303 1406 Eadem

263 1404 323 1456 edd.
339 1423 399 1460 ante
413 1409 473 1461 Ald.
488 1413 591 1485 Reliqui
605 1435 627 1468 e.
642 1419 691 1470 lu'c.
707 1423 762 1474 Tu·
801 1423 897 1485 nostri,
912 1422 959 1472 sed
971 1424 1028 1476 fere
1044 1442 1135 1476 omncs
1151 1433 1181 1474 ut
1191 1443 1221 1474 ea
1236 1441 1302 1494 quoe.

261 1486 307 1556 ric:
320 1497 407 1538 tamen
420 1508 436 1538 a
451 1510 490 1561 pr.
505 1512 584 1547 manu
596 1515 618 1548 e.
630 1499 659 1550 si.
674 1500 761 1554 Guelf.
802 1502 848 1551 Eu.
866 1529 900 1538 -
922 1501 957 1552 Ut
976 1519 1049 1566 eom,
1072 1521 1156 1573 quoe...
1179 1501 1303 1553 uendidit.

261 1563 295 1614 ab
315 1584 367 1615 uno
385 1567 495 1637 affiserit
510 1573 543 1624 ad
558 1575 667 1628 alterum
682 1579 762 1634 habet
801 1580 885 1630 Reum
893 1579 1083 1649 peregrinitatis
1090 1580 1303 1632 habemusetiam

205 1691 207 1696 ,
262 1640 396 1708 lacunam,
409 1659 439 1696 nt
451 1660 477 1698 et
488 1651 563 1704 Voss.
579 1671 603 1704 a.
615 1654 666 1707 Sed
678 1661 762 1730 suspi·
802 1657 873 1728 apud
890 1658 998 1711 sueton.
1016 1659 1108 1711 Claud.
1131 1658 1171 1711 15.
1191 1660 1304 1710 Matrem

262 1739 310 1771 cor
318 1740 333 1771 a
344 1741 384 1772 me
394 1723 529 1778 turbatum
539 1721 596 1784 esse
608 1733 720 1804 aliquid,
732 1751 761 1789 ut
801 1755 864 1788 vero
874 1739 958 1807 ipsam
968 1739 1051 1788 civem
1060 1735 1114 1787 lilio
1124 1755 1156 1786 ex
1164 1737 1303 1806 peregrino

261 1819 311 1869 pro
326 1801 413 1852 Guelf.
429 1818 521 1858 notare
533 1808 669 1864 debuerim
681 1815 761 1867 Goth.
801 1829 878 1886 patre·
886 1829 948 1867 nato
958 1817 1089 1868 civitatem
1098 1833 1234 1866 romanam
1244 1831 1306 1864 cons

262 1875 336 1944 (vide
354 1875 376 1947 §
395 1898 424 1942 η
441 1884 502 1934 item
518 1885 568 1938 hac
587 1888 763 1960 §..)Tumsic
802 1895 884 1946 nubio
909 1913 1015 1966 quoque
1037 1897 1227 1952 interveniente
1248 1913 1304 1946 non

262 1973 312 2025 pro
324 1956 365 2006 hic
374 1958 450 2012 cedet
460 1965 537 2014 etiam
547 1967 761 2043 Guelferbytano.
802 1987 937 2045 prestare,
954 1974 1079 2026 discimus
1100 1994 1131 2026 ex
1151 1975 1305 2043 fragmentis

263 2061 299 2070 -
308 2033 405 2085 Eadem
419 2041 510 2090 nostri.
525 2045 650 2100 l'raeterea
666 2051 696 2102 R.
717 2068 762 2120 rr,
803 2054 909 2124 Ulpiani
926 2055 977 2103 Tit.
997 2054 1033 2116 V,
1054 2049 1077 2121 §.
1097 2053 1121 2105 8.
1141 2053 1208 2102 llinc
1227 2050 1305 2102 lacile

265 2121 290 2160 et
301 2111 362 2163 hoec.
376 2117 422 2166 Eu.
684 2145 688 2150 ·
804 2135 952 2203 concipitur
963 2149 1056 2196 causa,
1068 2133 1095 2182 in
1108 2149 1158 2201 qua
1171 2129 1240 2182 filius
1249 2149 1304 2182 ma«,

301 2208 325 2240 2.
338 2194 425 2259 Num,
440 2199 590 2272 cuicunque.
607 2207 694 2258 Turic.
711 2227 762 2260 stou
804 2213 850 2262 tris
862 2212 925 2262 rivis
936 2212 963 2261 in
978 2211 1153 2280 suspicionem
1162 2209 1305 2278 peregrinis

264 2287 374 2342 cumque
384 2271 409 2340 (a
420 2293 471 2326 sec.
483 2298 562 2332 manu
570 2301 623 2334 nou
631 2303 690 2336 cum
698 2288 764 2358 quis)
806 2291 864 2342 tatis
872 2288 1015 2354 adductus,
1023 2289 1118 2357 ipsius,
1126 2287 1234 2338 infensae
1244 2285 1303 2348 sibi,

264 2367 325 2399 cum
337 2350 429 2404 Almel.
447 2357 507 2407 Non
523 2378 572 2429 pro
590 2382 653 2414 rrum
666 2365 765 2418 hahent
804 2370 955 2420 testimonio
963 2369 1100 2438 premitur,
1106 2368 1136 2430 si,
1143 2363 1304 2430 absente‚vel

264 2427 341 2478 Tarv·
360 2430 423 2480 Loc.
443 2433 507 2486 Ven.
523 2440 602 2490 Rusc.
620 2443 671 2494 Sed
684 2446 762 2496 Tarv.
804 2459 909 2498 mortuo
919 2457 1009 2515 patre,
1019 2448 1094 2515 cujus
1104 2443 1221 2495 conditio
1230 2445 1304 2512 igno·

265 2508 329 2557 mire
344 2526 396 2559 non
411 2529 470 2562 cum
486 2517 543 2585 quis
560 2531 625 2570 recte
641 2541 693 2573 non
710 2525 762 2595 aff.
803 2523 927 2589 rabam,
943 2525 1000 2593 ipsa
1016 2535 1120 2592 arguat,
1136 2521 1304 2590 peregrinum

265 2583 344 2648 ohe,
355 2605 417 2638 num
430 2592 573 2666 cuicunque
581 2600 698 2668 quisnon
710 2604 762 2674 aff
805 2601 1232 2670 fuissemaritumsuuru.rlpparet‚
1240 2615 1305 2666 qua·

265 2662 406 2714 -Eadcm
419 2672 509 2720 nostri.
522 2671 569 2724 En.
803 2699 833 2730 re
843 2679 963 2731 maluerit
974 2681 1064 2746 Quint.
1077 2680 1104 2730 in
1118 2676 1171 2728 hoc
1182 2673 1304 2745 exemplo

300 2741 325 2790 3.
344 2743 445 2795 Num...
462 2766 513 2799 non
527 2752 638 2823 affuerit
656 2757 763 2812 -Conse-
802 2773 938 2830 parentem
948 2756 1035 2810 facere
1046 2770 1171 2819 matram,
1184 2759 1266 2824 quum
1278 2755 1306 2804 in

266 2835 349 2886 quens
360 2820 438 2889 plane
449 2839 500 2892 est,
509 2843 651 2901 postquam
661 2835 763 2890 dubita·
805 2840 887 2891 altero
899 2839 1036 2890 vendentis
1045 2836 1135 2888 lenoni
1145 2833 1228 2886 filiurn
1241 2851 1305 2884 con-

265 2899 365 2948 tionem
377 2904 504 2955 movimus
519 2909 545 2957 in
561 2928 593 2960 eo
606 2916 715 2982 quinon
728 2919 765 2969 al·
806 2930 958 2970 sentaneum
968 2929 1036 2968 esset
1045 2927 1145 2985 patrem
1157 2911 1305 2981 designare.

264 2973 356 3038 fuerit,
368 2989 396 3026 ut
404 2981 460 3048 jam
470 2983 587 3043 eamdam
597 3001 725 3048 tentemus
737 2999 764 3048 in
805 2999 838 3049 Et
849 2997 960 3048 decebat
973 2997 1109 3064 utriusque
1124 2993 1240 3063 parentis
1256 2991 1307 3043 ali*

267 3051 365 3120 altero,
384 3059 426 3107 cui
445 3057 559 3114 debebat
577 3066 666 3122 adesse
686 3073 762 3126 idem.
807 3075 878 3145 quod
895 3075 1042 3145 exemplum
1056 3075 1129 3144 poni.
1144 3073 1200 3122 Nec
1216 3084 1306 3124 tamen

266 3131 364 3184 Sedhic
374 3136 486 3190 fortasse
497 3141 592 3196 clarior
605 3151 696 3202 existat
705 3171 766 3206 sen·
807 3155 833 3219 in
851 3152 923 3203 hisce
942 3151 1105 3203 scholasticis
1121 3152 1306 3202 controversiis
1378 3187 1380 3189 -

266 3212 361 3274 tentia,
379 3215 400 3263 si
416 3217 461 3285 qui
476 3219 619 3276 inseramus
635 3244 696 3299 post
711 3234 765 3283 cui.
804 3232 912 3301 propria
921 3232 1023 3281 romani
1029 3230 1095 3301 juris
1106 3230 1172 3279 ratio
1186 3246 1307 3298 quarem

267 3306 383 3359 cunque,
396 3291 442 3342 ubi
451 3294 573 3350 facillime
581 3302 763 3359 intercidebat.
804 3311 838 3361 da
853 3323 905 3375 est,
918 3323 944 3361 at
960 3311 1089 3361 succurrit
1104 3307 1145 3360 lex
1160 3307 1308 3360 Atheniens

266 3368 351 3435 Hujus
366 3371 434 3420 enirn
446 3375 492 3424 aeri
504 3379 643 3448 scriptores
654 3385 766 3454 quicun-
805 3391 872 3442 sium
883 3407 989 3459 quoque
1000 3392 1027 3441 in
1038 3389 1191 3460 peregrinos
1201 3400 1307 3452 sancta,

265 3463 316 3516 que
327 3447 417 3500 solent
434 3470 533 3520 ponere
551 3458 680 3514 absolute.
698 3464 765 3516 Vide
805 3453 852 3538 vqui
866 3471 996 3522 civitatem
1008 3476 1186 3536 usurpassent.
1201 3464 1241 3514 Da
1254 3483 1308 3535 qua

266 3535 356 3576 notam
370 3545 432 3578 mox
444 3530 477 3581 ad
489 3551 599 3607 eumque
610 3540 663 3610 qui.
807 3547 864 3599 vide
885 3546 1032 3598 Hemsterh.
1051 3545 1086 3596 nd
1105 3543 1218 3614 Hesych.
1240 3561 1308 3594 voce

304 3603 329 3668 4.
350 3604 399 3672 Qui
413 3621 530 3676 parentes
541 3632 599 3668 suos
612 3637 664 3669 non
678 3618 764 3682 alunt.
806 3622 844 3675 ἐπὶ
863 3621 919 3690 §iss
935 3625 993 3674 δίκη.
1011 3623 1145 3674 Structura
1161 3634 1251 3672 autem
1268 3633 1309 3672 est

267 3681 333 3733 Vide
344 3685 377 3746 V,
392 3700 430 3750 ¹⁰2
441 3705 483 3756 97·
806 3705 925 3776 expedita
936 3719 961 3756 et
971 3704 1089 3773 elegans,
1101 3716 1131 3753 ut
1140 3721 1197 3754 eam
1209 3703 1310 3754 refera-

304 3761 329 3812 5.
351 3762 385 3812 Ut
399 3782 469 3831 eam,
485 3789 556 3840 quoe5
573 3779 610 3826 sic
629 3781 715 3831 Turic.
734 3781 764 3851 (a
805 3779 1307 3852 tundalum,ubicompendifaciehat

269 3859 308 3910 pr.
327 3844 422 3912 manu)
434 3866 494 3900 cunr
506 3853 612 3920 Almel.;
625 3871 654 3909 ut
665 3881 695 3912 ea
708 3880 766 3934 quoe
806 3863 896 3929 Quint.
905 3860 1050 3929 longiorem
1058 3860 1205 3910 anfractum
1211 3857 1308 3912 verbo-s

269 3916 355 3968 Guelf.
375 3919 455 3974 Cius.
474 3946 534 3980 cum
551 3935 631 3987 Goth.
649 3938 692 4006 (ea
711 3959 765 3992 non
806 3959 894 3991 rums
908 3952 958 3988 aut
978 3941 999 3990 si
1021 3940 1078 4009 quis
1100 3957 1156 3989 eam
1177 3957 1231 3990 non
1252 3937 1307 3988 alat

270 4006 345 4045 notat
359 3997 449 4072 Gesn.)
459 4007 525 4058 Vall.
538 4012 657 4077 (errante
665 4019 766 4089 ΒΜ.)
811 4042 821 4066 a
832 4037 902 4089 qun,
912 4031 963 4069 etc.
973 4042 984 4064 ι

269 4075 345 4124 Voss.
356 4094 380 4142 a,
390 4080 463 4134 Colb.
474 4078 561 4141 Turic.
570 4092 655 4162 (osec.
667 4097 766 4168 manu).
842 4095 869 4150 6.
881 4084 1088 4169 Pcrepriuitotis,⁴
1103 4099 1140 4148 sic
1156 4095 1232 4148 Colb.
1250 4097 1305 4148 MS.
1349 4117 1356 4127 ·

275 4152 310 4223 iil
323 4171 381 4206 ‘um
398 4163 444 4241 ‘lul
460 4166 531 4226 lens-
551 4189 612 4222 cum
631 4173 689 4227 edd.
708 4190 768 4232 ante
809 4177 865 4230 ald.
879 4176 943 4231 Obr.
958 4178 1070 4250 Capper.
1084 4179 1168 4228 Etiam
1182 4177 1259 4234 Voss.
1278 4193 1309 4252 ,²2
