2850 4996
259 482 584 560 tusrtuurt'o'nts
602 483 728 555 onst.
749 482 828 557 nro.
844 495 922 575 vu,
947 519 973 559 1.
1092 485 1137 562 3'3

94 635 187 708 tnur,
204 617 370 688 invadent
382 639 545 715 personas
563 613 785 698 favorabiles:
805 617 912 688 actio¹
931 644 996 716 pro
1013 625 1137 691 rustico

92 733 401 819 concordiensem,
414 729 599 830 proforti²
618 744 736 800 contro
754 729 922 802 imbellem
930 729 955 818 ³,
972 760 1037 832 pro
1049 740 1140 805 resti-

95 861 205 918 tutore
220 862 340 919 contro
358 851 546 944 ingratum,
559 857 691 943 proco,
705 849 766 940 qni
779 862 880 942 porte
893 863 1068 920 contentus
1083 855 1138 934 sit,

5 972 8 978 '
94 977 216 1032 contro
229 987 321 1046 eum,
334 964 395 1061 qui
396 960 507 1057 fratri
519 955 608 1028 nthtt
620 953 724 1027 clarel
736 965 936 1057 expetentis
947 960 1037 1033 velit.
1051 963 1141 1052 Quae
1159 955 1195 1036 ll

98 1073 219 1145 omnia
240 1074 377 1145 suntin
399 1072 559 1160 materia,
579 1090 613 1142 et
634 1071 786 1142 multum
803 1072 942 1172 juvant;
965 1075 1142 1147 victoriam

99 1209 218 1259 tamen
233 1215 306 1259 non
322 1185 507 1258 trahunt⁵:
526 1185 562 1256 in'
582 1177 671 1256 hac⁶
690 1207 888 1284 querentur
905 1190 1099 1279 sententiae,
1115 1191 1144 1261 si

100 1304 173 1376 fieri
188 1303 373 1402 potuerit?¹
386 1301 593 1402 praecipites,
609 1300 663 1372 vel
680 1301 854 1374 obscurae⁸
875 1306 975 1400 (narn
991 1331 1031 1376 ea
1046 1331 1141 1388 nunc
1201 1347 1204 1353 ·

100 1421 206 1492 virtus
226 1421 313 1515 est)‚=
328 1439 361 1490 et
373 1418 543 1516 pulchre⁹
554 1416 658 1487 fuerit
673 1441 753 1488 curn
769 1419 928 1506 materia,
942 1419 1097 1491 tumultu
1112 1427 1146 1492 et

102 1533 253 1604 elamore
265 1545 293 1576 ¹⁰
310 1551 522 1604 transactum
534 1545 559 1574 ¹¹
576 1557 583 1600 :
602 1529 652 1600 illi
671 1554 769 1618 tero,
786 1533 913 1630 quibus
927 1534 1145 1632 propositum

102 1684 179 1718 nerus
188 1668 260 1736 ipse,
270 1666 405 1716 raritatem
414 1681 607 1716 causarumac-
681 1662 706 1714 6.
718 1663 751 1714 In
764 1662 821 1714 ltac.
834 1663 932 1731 Coeli,
944 1666 965 1714 1.
977 1665 1053 1716 hanc.
1064 1668 1147 1732 lens,

103 1746 203 1814 cipicns
216 1761 289 1808 earn,
300 1761 357 1812 quae
367 1745 400 1794 sit
410 1745 438 1794 in
450 1741 554 1793 delectu
567 1740 606 1791 fa·
646 1741 670 1790 1.
681 1739 799 1790 hoscum
812 1741 870 1792 edd.
882 1756 943 1793 unte
954 1743 1014 1793 Bad.
1024 1745 1148 1796 Nostrum

103 1821 196 1873 ciendo
209 1820 341 1892 ejusmodi
353 1835 506 1882 causarum,
517 1816 607 1888 quales
647 1817 863 1870 eriuven-2121
873 1819 930 1871 liae.
945 1839 1002 1872 «sc.
1012 1823 1122 1874 actione⁴
1134 1841 1144 1870 t

103 1919 161 1951 raro
174 1902 202 1951 in
214 1898 312 1950 scholis
324 1910 446 1961 orantur,
463 1896 497 1946 de
511 1894 607 1966 quibus
648 1896 750 1948 Badius.

103 1982 157 2032 fere
172 1980 278 2030 nonnisi
292 1990 362 2028 extra
375 1975 495 2028 scholam
506 1975 607 2044 cogitas
684 1983 707 2043 7.
721 1973 852 2036 Potuerit,·
863 1978 899 2027 sie
911 1976 1047 2028 Turicens.
1059 1977 1147 2030 Guelf.

101 2074 173 2112 tura
192 2061 254 2110 viris
271 2061 297 2110 in
311 2059 370 2128 ipso
385 2055 493 2126 pulvere
508 2064 533 2104 et
547 2054 606 2103 foro
646 2053 727 2103 crui.
739 2071 799 2104 curn
812 2053 892 2104 Goth.
904 2067 929 2104 et
940 2055 1000 2106 edd.
1012 2069 1071 2107 ante
1083 2057 1145 2109 Bad.

104 2137 238 2207 spectetis.
250 2137 318 2186 Nam
329 2133 436 2184 rariores
444 2125 569 2204 profecto
576 2131 608 2183 tia
646 2131 749 2202 Reliqui
757 2133 861 2202 poterit.
873 2133 939 2184 Vide
949 2136 999 2198 Vl,
1010 2135 1040 2201 4,
1053 2137 1093 2202 14.

104 2230 155 2280 tes,
167 2216 251 2284 magis
267 2212 362 2264 schole
378 2225 438 2264 sunt
451 2230 530 2283 quarn
542 2211 606 2272 fori3
683 2209 707 2260 8.
719 2209 1148 2285 Pnecipitet...·obscttroe.Deprio-'

103 2307 128 2344 et
147 2291 340 2343 declamatores
361 2290 388 2341 id
408 2291 519 2340 maxime
540 2287 606 2339 indi·
646 2286 720 2339 ribus
733 2289 841 2340 consule
854 2291 889 2355 ll,
906 2305 950 2355 rr,
968 2291 1043 2354 33de
1060 2293 1148 2347 alteris
1250 2314 1255 2322 ·

104 2383 218 2442 guantur
229 2373 257 2420 in
267 2368 361 2422 sobriis
367 2363 428 2420 'istis
441 2381 466 2419 et
477 2366 606 2436 diligentia
646 2368 720 2431 Vlll‚
741 2385 770 2431 2,
793 2369 833 2420 18.
849 2371 976 2420 Futurum
993 2369 1066 2421 verbi
1078 2388 1147 2443 quoe⁴

103 2449 167 2516 hos,
180 2447 255 2521 quod
266 2443 510 2498 affluente'dioendi
523 2455 607 2495 mate·
646 2452 736 2493 rentur
749 2443 792 2494 hic
808 2445 913 2517 quidem
926 2465 1092 2519 nequaquam
1108 2464 1149 2504 est

105 2530 155 2592 ria,
164 2525 249 2597 qualis
258 2539 296 2576 est
303 2527 329 2574 in
341 2524 402 2574 rans
409 2521 508 2587 litibus,
518 2533 606 2572 tumen
645 2523 834 2591 precipientis,
845 2524 905 2589 sed,
915 2545 969 2576 non
980 2526 1036 2578 sine
1046 2527 1147 2597 dolore,

105 2604 205 2674 singula
220 2602 378 2674 perlustrare
391 2600 507 2665 malunt,
522 2612 548 2651 et
564 2614 606 2651 re*
645 2602 822 2668 praesagientis
836 2601 887 2667 Qu.
904 2603 967 2673 quid
984 2603 1079 2655 facturi
1096 2608 1146 2658 sint

104 2682 212 2735 condita
233 2682 337 2746 rimari,
358 2696 437 2749 quarn
458 2680 557 2748 pardtis
580 2691 605 2729 et
645 2679 677 2740 ii,
697 2679 742 2746 qui
764 2695 812 2728 suo
834 2690 954 2750 tempore
974 2680 1070 2732 vellent
1090 2682 1146 2736 elo-

104 2759 283 2811 inrrotantr'bus
299 2757 333 2809 ad
349 2755 605 2828 grandiloquentiam
646 2756 853 2826 quentesvideri.

105 2839 186 2891 abusi.
681 2851 706 2903 9.
724 2833 761 2884 Et
773 2834 896 2905 puleltre,·
911 2838 947 2888 sic
960 2825 1046 2890 Turio.
1063 2841 1143 2894 Ctnr.

142 2933 164 2966 r.
182 2914 269 2966 Actio.
283 2916 368 2966 Haeret
382 2914 424 2966 hic
438 2916 548 2985 Regius,
563 2916 607 2965 cui
646 2921 707 2962 cum
718 2911 798 2962 Goth.
810 2913 867 2984 (qui
877 2928 964 2966 tamen
976 2917 1056 2970 modo
1069 2923 1146 2972 ornit-

105 3009 174 3048 recte
184 2993 282 3046 Badius
291 3005 339 3059 est,
351 2995 448 3059 oritur,
458 2995 536 3046 facile
548 2994 607 3048 sub·
646 2993 678 3042 tit
686 3001 721 3042 est
733 3005 783 3042 tac.
796 2992 889 3064 Gesn.)
900 3007 925 3046 et
938 2994 996 3047 edd.
1011 3012 1071 3050 ante
1085 2999 1144 3051 Ald.

105 3072 189 3124 audiri
199 3071 351 3142 respondet.
647 3088 701 3140 quo
722 3087 777 3120 occ.
798 3071 859 3122 Bad.
880 3072 958 3126 Gesn.
979 3075 1082 3149 Reliqui
1103 3089 1145 3144 nt,

142 3171 167 3204 π.
176 3147 606 3221 Ρωίοηὶ,Τατίο.,[οντε.(ἴιι81ῐ.,
646 3147 769 3220 (qnorum
784 3162 809 3200 et
820 3150 995 3226 Guelferbyt.)
1004 3157 1072 3208 male
1083 3157 1146 3211 diri-

99 3231 175 3304 fortt'.
190 3231 272 3282 etur.
285 3227 365 3280 Goth.
375 3225 438 3296 (tac.
448 3227 539 3298 Genu.)
547 3242 607 3278 noe·
646 3243 760 3292 mentes,
771 3248 818 3280 nec
826 3229 994 3300 parenthesin
1003 3253 1146 3305 agnoscen-

104 3323 189 3374 trum‚
201 3307 296 3376 reliqui
306 3309 425 3358 inserunt
438 3307 501 3358 viro.
647 3321 685 3360 tes
699 3308 805 3379 (nam...
825 3313 884 3382 est.)
893 3343 926 3350 —-
936 3315 1025 3366 Nostri
1043 3327 1068 3368 et
1082 3318 1147 3389 pul·

139 3389 166 3440 3.
182 3385 329 3440 Imbellem.
341 3386 436 3450 etun,
451 3384 606 3436 imbecillem
647 3389 719 3453 chre,
733 3407 788 3440 exc.
801 3392 832 3441 tt.
846 3407 885 3442 to.
896 3393 1027 3445 En—Ut
1039 3399 1146 3448 materia

74 3493 79 3504 ·
105 3488 165 3521 curn
178 3467 281 3536 aliquot
292 3463 352 3514 edd.
647 3466 699 3518 litis
718 3471 821 3538 egregie
841 3481 951 3520 tractata
971 3470 1103 3538 videatur,
1125 3463 1147 3526 si

141 3547 166 3613 4,
179 3547 257 3596 Dore.
273 3543 361 3594 Placet
370 3549 445 3606 sitne,
455 3539 528 3612 quod
539 3549 608 3594 uirus
648 3549 731 3597 acutis
753 3547 778 3597 et'
798 3547 960 3599 vibrantibus
984 3551 1147 3604 sententiolis

105 3625 148 3678 hic
162 3622 279 3676 ostendit
292 3623 420 3692 Campani
430 3620 511 3672 libert
524 3619 589 3671 dori.
649 3633 738 3676 orator
752 3624 892 3675 clamorem
908 3631 933 3676 et
947 3625 1088 3676 tumultum
1104 3644 1149 3678 exn

142 3703 167 3756 5.
186 3702 321 3762 Τναὴωιη
339 3703 375 3753 sie
391 3703 527 3756 Turicens.
539 3702 607 3754 Alm.
650 3695 1032 3773 cilarit.Fort'ehiccorruptum
1038 3706 1145 3777 aliquid.

108 3785 190 3836 Pelet.
205 3781 290 3834 Gebh.
305 3784 406 3834 Primus
421 3797 509 3835 tamen
525 3803 540 3834 u
556 3801 609 3834 sec.
650 3779 715 3832 Vide
726 3779 1023 3848 eamdemsententiam‚
1036 3783 1082 3836 sed
1094 3785 1148 3836 cle.

108 3879 188 3912 manu
200 3859 274 3911 addit
287 3859 327 3911 vel
337 3860 362 3910 d.
375 3872 403 3910 ut
413 3862 446 3912 sit
456 3861 574 3923 tradunt,
586 3867 611 3909 e't
651 3861 704 3910 rius
720 3867 868 3929 expressum
878 3859 928 3910 loc.
942 3860 1000 3910 infr.
1015 3863 1058 3913 cit.
1070 3865 1146 3917 Rott.

108 3942 145 3991 sic
161 3929 371 4008 reliquis-Soli
384 3939 414 3989 ll.
438 3955 478 4005 rr,
498 3952 523 3990 et
540 3937 611 4008 apud
691 3951 730 3988 ro.
745 3935 868 3988 Clamore.
886 3935 964 3988 Goth.
981 3937 1043 4010 (tac.
1059 3927 1150 4013 Gesn.)

110 4018 278 4067 Burm.V.c.
294 4015 378 4080 Alm„
395 4017 512 4068 trahunt.
528 4019 612 4068 Eu-
652 4015 769 4066 materia.
1086 4035 1092 4046 ¹

113 4094 240 4144 Trahunt.
253 4093 393 4164 Eleganter
403 4113 452 4165 pro
464 4114 548 4148 seeum
560 4105 613 4145 tro·
692 4112 731 4146 tt.
752 4095 814 4146 Cum
832 4097 968 4147 materia...
987 4099 1151 4153 transoclom'.
1197 4127 1201 4135 ·

112 4172 185 4225 honr.
194 4171 261 4224 Vide
270 4172 348 4226 Dralr.
360 4173 556 4241 adtiv.V1‚8‚
568 4174 594 4226 6.
653 4169 821 4248 Transt'gendt'
841 4189 871 4226 ut
893 4191 918 4228 et
938 4169 1076 4232 decidendi
1097 4197 1157 4232 ver-¹

219 4261 245 4313 3.
1000 4267 1015 4318 3
