2850 4996
4 421 6 500 l
523 431 780 502 PRAEFATIO·
1154 430 1172 494 3

121 554 276 652 incidunt
287 551 430 616 inlocae
441 543 556 610 codice
566 538 748 608 Ioannensi
757 551 868 602 notata
879 534 967 620 (vide
976 533 1176 624 prooemium

123 653 274 722 secundo
288 646 449 716 volumini
465 657 577 708 nostro
593 637 815 728 praemissum,
831 659 863 723 p.
879 635 994 718 iv(r)),
1010 633 1073 702 nisi
1085 629 1178 721 qnod

122 751 362 820 Ambrosianus
381 743 511 810 orditur
532 739 670 804 demum
689 735 731 798 ab
752 735 784 812 Ι,
807 733 840 811 5,
864 731 920 812 45,
943 732 1072 796 LICET
1096 731 1178 794 PER

125 849 276 926 COMP.;
292 841 351 909 sed
364 841 454 905 illam
466 832 628 926 usquead
642 833 682 910 V,
702 832 756 910 ι4,
775 847 828 908 12,
843 843 971 916 partem
983 826 1085 892 babet
1096 827 1178 890 inte·

128 969 233 1036 gram.
245 941 366 1008 Deficit
380 954 491 1004 eutem
503 932 599 1000 citius
613 926 809 1006 Joannensi,
826 926 846 989 i.
861 947 889 989 e.
902 927 980 1002 XII,
992 925 1026 1003 6,
1041 925 1075 1004 5,
1089 924 1180 992 suls

130 1033 567 1110 EXERCITATIONIBUS.
586 1026 737 1094 Proderit
756 1024 811 1088 hic
825 1021 923 1089 simul
944 1038 1074 1088 notasse
1092 1023 1182 1087 lacu-

130 1165 192 1208 nas
209 1137 308 1217 adv,
327 1138 381 1216 14,
399 1130 562 1212 123VIII,
581 1125 617 1198 6,
640 1143 690 1210 173
710 1123 771 1198 IX,
793 1121 828 1200 3,
850 1119 964 1199 23XI,
985 1141 1010 1197 1,
1032 1141 1084 1204 7¹3
1101 1118 1183 1197 XII,

137 1265 192 1319 ro,
208 1237 269 1318 43,
291 1233 390 1322 plane
409 1243 603 1293 communes
622 1240 693 1285 esse
711 1212 908 1293 dertonensi,
928 1212 1104 1290 Beruensi,
1126 1212 1184 1274 Pi-

132 1337 287 1407 tboeano‚
304 1342 442 1413 excepto
457 1319 547 1412 quod
565 1318 687 1382 borum
705 1329 892 1402 postremus
908 1309 999 1375 unde
1017 1306 1187 1374 redordia·

133 1454 189 1502 tur
200 1445 278 1521 post
293 1429 353 1506 IX,
369 1425 405 1502 3,
421 1445 454 1502 2,
467 1443 536 1484 non
551 1416 683 1482 doceor.
704 1410 828 1476 Iisdem
845 1410 953 1498 igitur,
974 1424 1094 1497 praeter
1109 1407 1186 1472 ulti·

136 1554 241 1609 mam,
256 1519 440 1610 respondet
453 1516 556 1582 nostri
569 1532 705 1603 quoque
719 1504 927 1573 Ambrosiani
939 1505 1098 1570 defectus.

180 1626 246 1696 Sed
262 1638 384 1712 praeter
397 1617 504 1693 hune,
520 1634 621 1702 quem
637 1606 845 1698 quaerebam,
865 1603 1020 1669 inventus
1039 1619 1088 1668 est
1106 1602 1189 1668 alter

136 1727 171 1790 in
182 1717 400 1787 Ambrosiana
412 1710 516 1777 codex
529 1703 739 1790 Quintiliani,
755 1704 879 1788 Bugato
893 1698 1029 1788 quidem
1041 1702 1081 1763 V.
1095 1700 1130 1762 C.
1144 1699 1190 1762 in-

137 1823 188 1886 fra
199 1833 356 1882 octavum
368 1809 517 1874 seculum
533 1797 735 1868 descendere
750 1819 818 1860 non
831 1796 935 1874 visus,
954 1795 1070 1860 itidem
1084 1817 1189 1859 mem-

137 1919 338 1984 branaeeus,
351 1908 459 1971 forma
475 1902 630 1976 maxima,
647 1919 747 1985 quam
764 1892 845 1958 folio
860 1891 1026 1970 metimur,
1045 1892 1189 1978 signatus

139 2017 201 2080 litt.
218 2015 261 2090 E,
274 2030 366 2072 num.
388 2003 458 2067 153.
478 2002 508 2065 Is
523 1997 674 2086 proximo
687 1995 785 2080 longe
802 1989 958 2054 illibatior
974 2006 1038 2067 est,
1054 2012 1116 2054 nec
1132 1988 1190 2054 de-

163 2105 306 2178 rehendi
324 2106 394 2168 fere
411 2100 475 2165 nisi
491 2119 592 2160 uuam
608 2093 826 2160 vastissimam
844 2090 994 2153 lacunam
1013 2087 1054 2150 ab
1072 2090 1134 2163 IX,
1152 2091 1189 2169 4,

144 2207 203 2274 135
212 2256 220 2284 ,
230 2193 506 2292 ARGUMENTA
515 2191 644 2256 ACRIA
652 2187 798 2250 ETCIT.
810 2204 915 2270 usque
926 2179 967 2245 ad
979 2182 1057 2262 XII,
1071 2206 1119 2260 11,
1132 2205 1189 2263 22,

139 2296 405 2384 ANTIQUITAS
426 2294 487 2356 UT
507 2288 662 2355 POSSIT.
684 2285 757 2348 Jam
776 2281 968 2346 membrana
988 2279 1192 2355 haecyetus-

140 2401 266 2468 tissima
279 2416 383 2484 quum
393 2385 532 2453 mirifice
543 2382 669 2448 sibime
682 2367 1065 2474 conciliassellbiuleritn
1074 2375 1118 2445 ad
1128 2377 1189 2456 VI,

140 2519 281 2590 prooem.
293 2493 329 2571 6,
341 2487 516 2576 scriptura,
530 2481 588 2547 ubi
598 2471 912 2558 omittitobledtnbar
922 2457 1013 2565 nirllai
1021 2497 1084 2538 nec
1093 2475 1191 2540 litura

140 2599 254 2665 relicta
265 2615 329 2656 nec
342 2591 474 2661 lacuna,
488 2581 574 2669 coepi
587 2557 963 2676 quidtfuidsssuussetebdt
972 2552 1035 2662 ’otii
1050 2572 1084 2634 iu
1096 2571 1191 2636 brevi

141 2707 221 2762 sane
247 2681 507 2756 commoratione
533 2673 717 2740 Mediolani
741 2661 1191 2759 5¹⁹me⁴lirlta„jmnendere

143 2786 341 2860 excutiendo
361 2781 440 2850 huic
460 2773 631 2841 volumini.
654 2771 696 2834 nt
717 2739 1136 2862 haetdanztunmeiime
1158 2765 1192 2828 u

141 2911 234 2956 nono
257 2879 425 2969 scriptoris
446 2873 514 2940 mei
532 2871 634 2950 libre,
654 2851 921 2957 cujuijplitrirbas
940 2847 1051 2925 abimo
1070 2885 1192 2950 praesu·

140 2985 276 3052 ruebam
288 2975 520 3048 difficultates,
535 2967 579 3032 ita
593 2967 718 3028 Iactum
731 2977 794 3038 est,
809 2977 845 3024 ut
858 2958 928 3048 ejus
940 2955 1077 3046 quidem
1090 2959 1193 3022 varie-

142 3100 227 3149 tates
243 3102 312 3144 non
328 3071 537 3158 indiligenter
552 3060 781 3150 excerpserim.
798 3057 907 3122 Habui
925 3055 959 3118 in
974 3055 1039 3119 hoc
1057 3057 1191 3142 negotio

143 3181 312 3244 faventem
335 3167 417 3232 mihi
439 3159 685 3254 promptissima
708 3156 877 3220 voluntate
899 3169 932 3216 et
958 3153 1067 3243 ipsum
1087 3153 1192 3238 Buge-

142 3295 217 3342 tum
232 3288 265 3336 et
279 3267 385 3334 socios
405 3266 475 3353 ejus
492 3262 527 3325 in
543 3252 808 3322 administrandis
826 3250 944 3339 opibus
957 3247 1191 3313 Ambrosianis.

141 3376 211 3438 Nec
239 3356 422 3434 defuerunt
447 3357 530 3422 mibi
557 3355 718 3445 promissa
745 3347 925 3415 doctissimi
950 3343 1192 3410 bibliothecarii

143 3469 186 3536 de
202 3461 348 3533 curanda
365 3459 518 3527 codicum
533 3454 723 3530 collatione,
739 3471 813 3538 quae
830 3449 857 3511 si
872 3462 1027 3510 eventum
1042 3441 1192 3507 nondum

142 3567 308 3641 habuere,
322 3583 396 3626 mea
406 3553 588 3624 accusanda
600 3567 649 3615 est
659 3545 858 3637 exposcendi
869 3544 970 3608 oflicii
981 3541 1191 3606 verecundia.

141 3667 256 3747 Quum
270 3662 360 3725 enim
375 3656 457 3722 datis
471 3651 514 3718 ad
529 3654 688 3738 Bugatum
704 3644 836 3722 litteris,
854 3645 990 3707 fortasse
1006 3639 1192 3704 tabellario-

144 3785 222 3828 rum
231 3759 328 3847 culpa
340 3753 475 3846 abjectis
488 3753 521 3817 in
534 3747 726 3835 longissimo
738 3745 870 3820 itinere,
884 3762 1079 3824 responsum
1092 3739 1194 3803 conti-

146 3881 215 3924 uuo
227 3880 297 3922 non
310 3869 410 3931 esset,
424 3848 688 3937 supervenerunt
700 3839 831 3904 interim
846 3835 1038 3900 tristissimae
1050 3834 1195 3923 publica·

179 4084 271 4156 (1)Sic
283 4085 311 4136 in
325 4077 470 4154 Spaldiugii
482 4075 613 4135 editione;
625 4074 652 4124 iu
662 4083 766 4135 nostra,
778 4086 805 4137 p.
821 4082 844 4124 ο,
857 4065 902 4116 En.

1031 4158 1051 4191 t.
